3038 4994
531 381 710 439 -isv-

159 523 545 605 ussano‚nu11atenus
562 525 667 590 nobis
684 523 940 608 placatusque
965 524 1053 590 licet
1082 525 1118 588 in
1136 541 1194 590 eo·

85 649 149 696 mm
163 631 383 696 sententiam
405 631 599 714 abire,an
622 635 749 696 rentur
767 631 813 695 ab
831 649 927 696 anno
949 630 1036 696 1870
1059 631 1095 696 in
1123 649 1194 714 quo

85 739 185 805 locum
202 739 361 805 obtinuit
376 739 558 822 sacrilega
575 739 762 822 copiarum
780 743 817 803 et
833 738 1073 804 sectariorum
1091 739 1193 803 inva-

85 847 172 912 sioin
186 845 383 912 Civitatem
395 845 610 927 Aeternam,
629 862 710 910 esse
726 849 1015 910 consummatam
1033 845 1194 910 eversio·

85 969 164 1032 nem,
195 953 458 1017 extinctionem
489 969 554 1017 seu
582 953 818 1018 abolitionem
847 954 950 1036 regni
981 953 1195 1034 temporalis

84 1057 313 1124 Romanorum
329 1059 554 1142 Praesulum;
578 1059 677 1124 aliud
706 1059 802 1126 enim
820 1065 876 1124 est
890 1061 1037 1126 amissio
1056 1061 1117 1125 vei
1132 1079 1194 1144 po·

84 1165 142 1230 tius
171 1166 310 1231 ablatio
342 1165 599 1231 dominationis
638 1165 864 1250 temporalis,
897 1167 1034 1232 iactum
1069 1169 1194 1252 utique

84 1279 221 1354 certum,
239 1273 407 1356 quamvis
434 1273 557 1355 inique
585 1279 781 1356 patratum;
809 1273 908 1338 aliud
925 1291 1013 1338 vero
1049 1276 1194 1339 eversio

84 1381 135 1444 vel
147 1379 356 1462 suppressio
369 1379 598 1443 auctoritatis
615 1378 893 1461 independentis
907 1385 943 1444 et
958 1381 1117 1462 supremi
1131 1381 1194 1444 im-

83 1487 163 1568 perii
189 1487 400 1566 (submonte)
419 1485 529 1549 etiam
546 1485 724 1549 inordina
752 1485 900 1568 politico
913 1503 959 1550 ao
986 1487 1193 1568 temporali,

83 1591 336 1676 quodquidam
367 1589 521 1656 Summis
549 1590 785 1656 Pontificibus
814 1597 991 1674 remanet,
1024 1597 1061 1656 et
1092 1591 1194 1656 nulla

83 1717 225 1782 unquam
242 1699 310 1780 vis,
324 1697 500 1762 violentia
524 1701 587 1762 aut
615 1697 852 1780 depraedatio
870 1697 1046 1781 Supremo
1065 1697 1189 1764 Eccle-

83 1805 149 1869 siae
177 1803 403 1870 Hierarchae
434 1803 599 1885 arripere
638 1807 771 1886 potest.
805 1804 849 1868 In
880 1804 1192 1870 confirmationem

83 1913 184 1976 nostri
196 1911 328 1976 asserti
340 1909 517 1992 ejusmodi
529 1911 660 1975 thesim
674 1911 863 1976 vindicare
877 1911 1073 1993 pergimus:
1089 1913 1192 1977 Pria·

83 2019 204 2102 ripum
215 2019 331 2084 civilia
346 2017 491 2102 speciali
505 2017 573 2081 Dei
579 2017 804 2102 prouidentia
819 2017 917 2082 Petri
928 2015 1192 2084 Successor-ibus

85 2125 215 2190 collum
231 2124 344 2189 adbuc
360 2125 449 2208 vipat
465 2130 498 2188 'at
506 2131 701 2207 permanet.

161 2230 237 2295 137.
285 2230 341 2294 Ad
355 2229 549 2294 veritatem
576 2228 683 2310 hujus
709 2229 969 2312 propositionis
1002 2229 1193 2294 ostenden·

85 2334 155 2400 dam
170 2336 328 2401 sufficiet
339 2335 376 2400 in
394 2335 570 2399 trutinam
588 2351 766 2399 revocare
782 2335 981 2418 praecipua
999 2352 1187 2418 argumen-

86 2443 127 2523 ta,
150 2443 276 2526 quibus
304 2442 509 2506 innituntur
542 2444 719 2523 quotquot
750 2447 919 2506 asserunt
950 2447 1033 2523 post
1060 2441 1195 2506 Romae

85 2551 347 2632 occupationem
375 2553 497 2613 actum
526 2547 604 2629 Jam
633 2565 714 2612 asso
742 2548 787 2612 de
819 2547 920 2613 civili
950 2548 1193 2613 Romanorum

85 2651 282 2721 Pontificum
300 2655 531 2733 auctoritate,
559 2661 599 2718 ut
625 2654 690 2735 ita,
721 2671 947 2736 quocumque
968 2654 1195 2736 praeJudicio

84 2760 245 2844 deposito,
264 2764 424 2844 ipsorum
443 2770 698 2842 commentum,
718 2762 826 2825 toties
844 2761 1085 2842 divulgatum,
1116 2761 1195 2826 iun·

85 2865 236 2934 dumento
254 2867 371 2932 solido
386 2867 596 2932 destitutum
611 2867 755 2949 penitus
773 2873 966 2948 appareat,
992 2873 1029 2931 et
1052 2873 1194 2932 senten.

84 2973 136 3054 tia,
150 2993 255 3058 quam
272 2991 558 3056 propugnamus,
587 2975 697 3056 plena
715 2973 795 3038 luce
828 2990 873 3038 ac
903 2973 1073 3038 claritate
1090 2975 1195 3038 affui·

87 3085 167 3158 goat.

159 3187 368 3269 Enimvero,
387 3204 456 3252 nec
469 3191 557 3251 ante
569 3187 771 3267 historiam,
787 3202 906 3270 neque
919 3189 1005 3250 ante
1018 3185 1078 3266 jus
1092 3187 1195 3247 natu-

86 3291 162 3374 rale,
180 3295 367 3377 politicum
381 3300 418 3358 et
434 3294 595 3376 gentium
610 3294 782 3358 evincent
799 3293 921 3357 hostes
939 3291 1117 3356 declarati
1134 3305 1195 3369 vel

85 3397 228 3465 simulati
245 3400 450 3466 adversarii
467 3400 679 3482 temporalis
707 3397 908 3464 dominiis.
928 3391 1031 3462 Sedis
1049 3395 1196 3460 Monar-

86 3501 189 3570 chiam
205 3505 432 3571 Pontificiam
450 3507 649 3583 extinctam
673 3513 710 3569 et
733 3505 890 3568 deletam
917 3519 998 3568 esse
1014 3519 1060 3568 ex
1080 3501 1194 3567 natio-

87 3608 178 3674 nibus
194 3611 374 3695 Europae,
390 3611 568 3694 siquidem
582 3629 706 3675 omnes
719 3610 893 3690 rationes,
909 3625 1001 3692 quas
1019 3608 1196 3674 invocare

87 3713 202 3798 soient,
223 3719 303 3783 sive
318 3717 505 3798 historica,
523 3717 603 3781 sive
630 3716 803 3798 juridica,
834 3716 914 3780 sive
931 3715 1095 3798 politica,
1115 3715 1198 3780 sive

87 3818 376 3904 internetionaiis,
394 3823 556 3904 veritati,
582 3823 760 3904 Justitiae,
792 3821 902 3886 rectis
919 3821 1197 3903 gubernationis

88 3925 260 4012 principiis
273 3937 310 3996 et
327 3930 458 3995 mutuis
470 3929 632 4012 gentium
645 3929 777 3994 offic-iis
793 3928 905 4010 plane
924 3927 1193 4010 contradicunt,

88 4033 135 4096 uti
149 4034 356 4102 brevissime
374 4035 628 4100 edisseremus.

166 4142 237 4208 138.
283 4143 388 4209 Ratio
414 4143 592 4208 historico.
623 4143 782 4208 Primum
808 4140 1095 4221 fundamentum,
1122 4159 1194 4225 quo

90 4247 337 4331 antipontiflcia
366 4249 632 4314 neoterioorunr
678 4247 820 4314 theoria
851 4245 1012 4328 fulcitur,
1046 4264 1198 4330 prorsus
