3038 4994
780 386 958 444 -242-

310 529 395 610 quia
429 545 573 612 semper
605 529 777 594 adessent
815 530 901 592 novi
942 527 1037 594 modi
1073 528 1220 612 politice
1258 525 1449 590 adhiben-

309 634 358 716 di,
378 635 463 717 quin
478 635 704 700 violarentur
721 636 874 700 aliorum
888 637 985 716 jura;
1006 643 1104 700 recte
1121 635 1216 699 enim
1245 634 1342 698 bono
1373 649 1450 696 na-

309 741 437 804 tionali
450 741 636 822 provideri
649 749 783 824 posset,
796 743 887 806 inita
904 741 1166 822 foederatione,
1185 741 1221 804 in
1237 757 1308 822 qua
1328 755 1449 802 suum

309 864 453 930 quoque
469 847 587 912 locum
600 849 781 914 obtineret
796 848 1026 929 Principatus
1044 847 1163 912 civilis
1188 846 1324 911 Summi
1341 843 1449 908 Pon-

308 955 428 1033 tificis,
446 955 506 1036 qui
523 973 693 1036 suprema
717 955 795 1036 ejus
813 956 1044 1034 auctoritate,
1068 953 1222 1018 salutari
1238 952 1385 1016 influxu
1406 957 1449 1014 et

308 1062 437 1126 morali
456 1064 713 1144 superioritate
728 1064 936 1128 universam
965 1063 1148 1126 nationem
1166 1063 1203 1125 in
1222 1077 1332 1124 unum
1350 1075 1447 1122 con·

309 1177 493 1250 gregaret,
511 1175 664 1250 paterna
682 1185 770 1232 cura
788 1174 1010 1250 protegeret,
1038 1185 1177 1232 necnon
1196 1165 1347 1230 assidua
1367 1165 1447 1229 sol·

309 1273 497 1338 licitudine
512 1279 549 1338 et
562 1273 745 1340 indelessa
763 1275 955 1356 vigilantia
970 1281 1118 1338 tutaret.

399 1379 475 1443 141.
523 1379 628 1444 Ratio
657 1382 950 1445 internaliormlia.
985 1381 1184 1459 RostremO,
1219 1377 1447 1442 defensores

309 1485 459 1550 italicae
493 1487 643 1551 unitatis
661 1487 707 1550 ad
724 1487 1030 1552 cohonestandam
1060 1488 1220 1568 iniquam
1242 1491 1445 1566 usurpato·

308 1609 387 1656 rum
406 1593 538 1672 agendi
556 1597 734 1658 rationem
754 1613 970 1658 asseverare
994 1595 1102 1658 veriti
1118 1611 1189 1658 non
1207 1597 1291 1656 sunt
1308 1591 1446 1674 plures

307 1699 475 1760 nationes
490 1711 606 1762 ratum
621 1699 791 1763 habuisse
805 1711 913 1782 atque
930 1701 1104 1782 probasse
1118 1717 1252 1764 novum
1267 1699 1445 1761 ordinem

308 1802 347 1868 in
378 1803 487 1868 Italia
506 1812 587 1886 post
605 1806 828 1870 obsidionem
857 1817 892 1869 et
909 1807 1044 1870 Rornae
1076 1813 1267 1888 capturam
1292 1804 1444 1870 stabili·

308 1917 396 1990 tum,
417 1909 570 1993 ideoque
584 1912 818 1976 abolitionem
834 1914 1044 1994 temporalis
1059 1913 1263 1977 dominatus
1276 1909 1313 1974 S.
1330 1909 1444 1976 Sedis

309 2017 498 2080 sanctione
515 2018 790 2082 internationali
807 2019 919 2082 luisse
940 2019 1205 2082 confirmatam.

398 2120 624 2204 Quamquam
641 2133 762 2188 autem
791 2124 886 2188 hanc
912 2125 1121 2206 generalem
1150 2123 1443 2188 affirmationem

307 2228 468 2292 historice
501 2247 638 2312 negare
656 2247 700 2294 ac
717 2231 908 2294 confutare
935 2247 1134 2312 possemus,
1154 2231 1289 2312 quippe
1307 2247 1358 2294 ex
1377 2249 1440 2294 au·

308 2333 478 2398 theuticis
492 2334 716 2400 documentis
734 2337 926 2418 perspicue
943 2343 1088 2400 constat
1105 2337 1300 2418 plerasque
1318 2336 1443 2400 natio·
1516 2419 1517 2422 Ἴ

308 2457 373 2504 nee
391 2441 521 2504 saltem
539 2441 738 2506 catholicas
754 2444 791 2506 in
809 2443 1058 2524 recognitione
1075 2442 1191 2524 Regni
1207 2442 1329 2506 Italici
1347 2460 1442 2506 nun·
1516 2439 1517 2481 ³

309 2547 433 2625 cupati
475 2549 707 2628 exceptiones
734 2557 771 2612 et
810 2549 1036 2614 conditiones
1076 2549 1305 2630 apposuisse,
1341 2565 1442 2631 quae

309 2657 561 2730 argumentum
602 2654 882 2720 internetionale
926 2657 1036 2736 plane
1067 2655 1265 2736 infirmant,
1310 2662 1442 2720 tamen
1515 2663 1516 2695 ³

309 2756 407 2818 viam
424 2763 564 2820 rectam
580 2767 688 2839 atque
705 2761 967 2842 expeditiorem
984 2779 1178 2844 sequemur
1197 2761 1365 2826 breviter
1383 2779 1442 2826 os·

309 2861 501 2924 tendentes
518 2865 804 2946 consensionem,
824 2869 1128 2949 approbationem
1141 2870 1203 2934 vel
1221 2868 1441 2932 ratificatio·
1514 2901 1515 2911 ι

308 2983 390 3030 nem
409 2966 455 3030 ab
487 2965 656 3048 Europae
684 2971 867 3050 guberniis
884 2991 980 3038 novo
998 2975 1129 3038 Italiae
1157 2975 1283 3056 Regno
1318 2992 1368 3038 ex
1387 2985 1441 3039 tot

308 3073 505 3154 violentiis,
535 3075 717 3156 tantisque
733 3077 879 3158 flagitiis
898 3097 941 3143 ac
959 3081 1307 3162 depraedationibus
1326 3083 1439 3148 elior-
1513 3123 1514 3127 =

308 3185 406 3242 mato
436 3181 662 3261 praestitam,
682 3183 750 3244 etsi
767 3185 935 3249 absoluta
967 3193 1004 3250 et
1036 3189 1257 3252 universalis
1290 3189 1437 3269 fuisset,

307 3287 458 3370 juridice
490 3293 706 3368 spectatam,
732 3308 881 3371 prorsus
909 3293 1050 3358 irritam
1068 3301 1104 3358 et
1122 3297 1270 3360 omnino
1288 3295 1438 3377 illegiti-

307 3410 403 3454 mam
418 3409 498 3455 esse
513 3394 731 3474 habendam,
752 3405 875 3477 utpote
889 3399 963 3478 juri
980 3401 1154 3482 naturali,
1180 3403 1256 3483 Juri
1273 3403 1437 3484 positivo

309 3504 345 3560 et
358 3497 432 3576 juri
447 3500 608 3580 gentium
627 3501 817 3566 manifeste
831 3505 1091 3585 refragantem.

398 3601 443 3664 Et
456 3603 598 3682 quidem
619 3605 795 3684 ejusmodi
808 3609 956 3688 publica
985 3615 1022 3674 et
1035 3611 1204 3678 officialis
1221 3613 1437 3696 Principum

309 3721 354 3768 ac
372 3703 638 3772 Guberniorum
656 3713 856 3792 recognitio
874 3714 965 3780 adeo
983 3715 1181 3782 decantata
1212 3719 1438 3785 adversatur
1510 3713 1511 3775 l

308 3811 463 3890 primum
472 3815 552 3898 juri
570 3817 737 3895 naturali,
757 3819 927 3898 quoniam
953 3821 1164 3888 ratihabitio
1196 3825 1361 3890 omnium
1383 3844 1437 3890 re·
1509 3891 1510 3922 ,

308 3933 393 4003 gum
411 3924 532 3982 terrae
548 3937 731 4002 nunquam
749 3923 895 3989 efficere
927 3929 1075 4011 poterit,
1094 3937 1133 3993 ut
1150 3931 1247 4012 quod
1265 3932 1437 4014 intrinse·
1509 3923 1510 3991 l

309 4037 351 4083 ce
370 4023 540 4102 injustum
557 4032 593 4089 et
609 4027 769 4110 iniquum
787 4035 854 4111 est,
865 4032 1002 4112 Justum
1020 4042 1056 4099 et
1068 4035 1262 4104 honestum
1281 4040 1434 4118 evadat;
1508 4081 1509 4110 ι

308 4127 525 4193 contradicit
541 4131 779 4220 insuperjuri
790 4139 954 4220 positivo,
982 4143 1279 4228 quandoquidem
1308 4145 1435 4212 Eccle·
1508 4111 1509 4205 l

308 4231 363 4295 sia
377 4231 578 4318 Catholica,
594 4239 659 4336 cui⁸
682 4243 910 4340 commissum
923 4253 979 4340 est
992 4266 1015 4312 a
1028 4247 1172 4316 Christo
1183 4251 1366 4334 judicium
1383 4254 1435 4318 in·
