3038 4994
535 354 718 412 -193-

82 493 195 559 duntur
210 497 247 558 et
260 513 284 558 a
309 495 421 578 vulgo
439 495 624 578 ignoranti
642 495 824 562 habentur
851 499 1037 579 tamquam
1061 499 1189 572 civiles

17 633 18 646 2
80 601 281 666 mercenarii
296 602 552 688 (suacioacrios
575 605 748 688 publicos,
781 604 978 688 conplendos
1002 605 1058 670 del
1088 605 1190 672 Erta-

80 703 186 788 10111)
215 709 382 774 oriuntur
414 709 632 792 quandoque
659 727 794 792 graves
828 710 1073 794 difficultates,
1109 730 1191 777 cum

79 813 232 897 Episcopi
249 815 405 880 clericos
420 833 508 880 suae
521 816 766 897 jurisdictioni
783 816 945 880 subditos
964 835 1082 899 poena
1114 835 1189 882 sus-

17 941 19 990 ;
79 921 247 1000 pensionis
264 939 288 985 a
304 921 482 986 beneflcio
516 923 694 988 mulctare
708 927 891 1006 tenentur,
910 927 1061 1006 propter
1078 925 1189 990 tricas

17 1031 18 1096 i
79 1027 341 1110 etfrequentem
370 1029 689 1111 complicationem
718 1029 1044 1094 administrationis
1075 1029 1190 1112 publi·

17 1109 19 1156 ³
79 1149 143 1212 cae;
161 1135 185 1212 ο)
199 1134 370 1200 Ecclesia
384 1136 544 1200 obnoxia
563 1140 729 1201 remanet
742 1137 832 1200 sorti
849 1141 885 1200 st
899 1136 1038 1201 crebris
1051 1137 1190 1203 vicissi-

17 1247 19 1340 l

79 1239 244 1306 tudinibus
259 1243 398 1306 aerarii
412 1244 561 1325 publici,
582 1243 679 1326 quod
697 1243 844 1325 saepius
862 1247 925 1306 aut
942 1243 1020 1307 fere
1032 1261 1188 1326 semper,

17 1345 19 1440 l
80 1346 175 1411 veluti
202 1348 244 1412 fit
260 1349 301 1413 in
333 1349 495 1431 Hipania
523 1350 678 1432 aliisque
703 1350 826 1433 regnis
855 1351 1190 1432 perturbationibus

17 1451 20 1506 ἰ
79 1452 229 1537 politicis,
249 1457 395 1538 magnis
412 1455 682 1520 calamitatibus
700 1456 761 1520 vel
779 1473 866 1520 aere
895 1456 1040 1538 publico
1059 1474 1189 1536 grava·

79 1559 125 1640 tis,
141 1566 331 1643 aegestate
364 1566 401 1626 et
428 1563 596 1645 angustia
628 1562 785 1644 laborat3
821 1561 916 1626 unde
949 1562 1190 1645 obligationes
1244 1651 1247 1660 ,

17 1657 19 1728 ὲ
80 1667 179 1732 cultus
198 1675 235 1733 et
248 1669 342 1734 cleri
359 1686 441 1734 sero
454 1673 492 1733 et
508 1687 620 1751 aegre
637 1669 842 1750 solvuntur;
865 1666 887 1752 1)
919 1670 1097 1752 gubernia
1128 1688 1189 1752 pa·

17 1773 19 1786 '
79 1775 213 1857 rumpia
230 1775 296 1841 vel
311 1775 516 1841 catholicae
533 1777 702 1859 religioni
717 1781 845 1859 aperto
857 1776 1004 1842 hostilia
1032 1795 1103 1842 uno
1132 1795 1190 1842 ca-

17 2005 21 2136 l

17 2137 20 2208 l

17 1891 19 1948 3
80 1876 150 1942 lami
164 1886 289 1946 tractu
316 1880 519 1946 Ecclesiam
549 1882 596 1946 ad
621 1883 781 1965 inopiam
809 1887 920 1966 atque
949 1883 1192 1950 miserrimam

80 1987 308 2053 conditionem
325 1988 501 2053 reducere
519 1989 657 2072 valent,
670 1991 778 2071 juxta
794 1990 1002 2055 execrabile
1020 1990 1191 2054 dirissimi

81 2092 296 2175 imperatoris
312 2095 468 2161 Neronis
487 2095 718 2180 desiderium,
739 2099 799 2180 qui
817 2115 888 2162 uno
905 2098 980 2162 ictu
995 2097 1191 2161 humanum

17 2209 21 2308 1
82 2217 176 2280 genus
192 2203 317 2286 capite
335 2204 498 2267 minuere
510 2203 700 2269 voluisset.

17 2345 20 2486 p

17 2505 20 2564 1

153 2309 227 2374 111.
281 2307 369 2374 Cum
385 2309 600 2374 Jansenranr
630 2315 666 2374 et
694 2310 857 2393 Regalist
860 2329 903 2375 ae
933 2312 1192 2392 quuscumque

82 2414 195 2492 gradus
212 2422 249 2482 et
268 2415 573 2482 denominationis
591 2417 804 2499 saepissime
822 2417 1030 2482 declamare
1042 2435 1191 2483 consue·

82 2531 168 2586 scunt
181 2527 314 2588 contra
328 2523 491 2588 subsidia
507 2523 743 2605 Apostolicae
760 2520 844 2588 Sodi
857 2524 1047 2606 praestita,
1068 2528 1192 2606 utpote

17 2589 21 2752 ἰ
83 2628 231 2705 Publicae
263 2629 385 2695 Status
404 2629 641 2712 prosperitati
670 2631 781 2694 noxia
799 2636 835 2695 et
852 2632 1039 2696 nationum
1058 2631 1192 2713 depau.

17 2755 18 2820 ᾗ
83 2738 245 2812 perationi
266 2737 445 2820 faventia,
463 2738 580 2802 nostri
596 2739 757 2805 muneris
774 2755 855 2803 esse
873 2739 1036 2803 ducimus
1055 2739 1193 2822 aliquid

17 2871 22 3058 1

83 2838 184 2910 hocin
199 2847 284 2910 loco
302 2845 465 2910 delibare
481 2845 526 2909 de
539 2845 684 2910 tributis
714 2848 751 2910 01
767 2845 1011 2910 oblationibus
1036 2847 1074 2910 in
1091 2848 1192 2911 favo·

83 2962 144 3014 rem
158 2949 348 3018 Ecclesiae
366 2951 564 3034 Romanae,
584 2956 623 3016 ut
640 2953 871 3017 manifestum
900 2953 965 3016 fiat
981 2970 1090 3034 quam
1106 2953 1192 3016 alie-

84 3069 136 3118 nas
149 3074 227 3123 esse
241 3075 266 3122 a
282 3057 442 3123 veritate
459 3062 495 3121 01
505 3057 649 3140 justitia
666 3058 919 3122 accusationes
936 3057 1043 3121 toties
1060 3057 1192 3138 repeti-

20 3163 318 3230 tosadversus
331 3161 496 3229 Summos
528 3163 736 3245 Pontifices,
771 3181 969 3246 eorumque
986 3179 1194 3245 supremam

86 3261 225 3336 Curiam.

156 3374 325 3442 Subsidia
339 3375 451 3458 igitur
467 3393 562 3459 quae
594 3373 752 3441 Sanctae
780 3373 864 3441 Sodi
893 3374 1052 3439 conferri
1069 3375 1131 3440 vel
1148 3375 1193 3440 ab

20 3565 21 3568 Ἴ
84 3473 154 3560 ipsa
166 3483 304 3567 requiri
321 3485 487 3565 possunt,
502 3481 549 3546 ad
562 3487 719 3565 quatuor
732 3499 869 3566 genera
888 3480 1075 3546 commode
1089 3499 1193 3547 revo-

86 3587 148 3652 cari
158 3591 289 3655 solent:
309 3587 565 3656 1901111000
592 3597 814 3675 spontaneas,
834 3593 872 3653 ut
888 3605 985 3653 nunc
1013 3591 1069 3654 est
1086 3588 1194 3653 dena·

86 3690 146 3758 rius
160 3713 223 3763 seu
241 3697 359 3764 obolus
376 3695 501 3760 Sancti
527 3693 639 3775 Petri;
669 3694 722 3760 2.⁰
739 3697 870 3762 tributa
896 3695 1095 3778 ordinaria,
1114 3713 1196 3761 cum

87 3797 743 3883 11100110110111101001,10111110000100
757 3801 804 3886 (1)
818 3806 854 3867 01
867 3801 1034 3868 dimidias
1046 3809 1196 3868 01100100

93 3961 231 3979 Ἢ

145 4109 183 4178 (1)
218 4111 349 4166 ,lanatae
360 4111 493 4166 dicuntur
507 4114 602 4165 certae
614 4113 769 4178 pensiones
782 4114 832 4164 aut
847 4114 941 4164 certae
962 4109 1099 4180 pecuniae
1111 4125 1197 4178 quau·

89 4175 178 4244 tutes,
191 4197 264 4249 quae
277 4199 314 4236 ex
327 4183 561 4266 Episcopatuum,
571 4183 748 4250 aliorumque
759 4181 967 4235 Beneficiorum
990 4182 1131 4235 fructibus
1145 4185 1198 4250 pri·

90 4219 190 4305 cimil
203 4253 334 4308 Romano
348 4255 486 4321 Pontifici,
499 4254 562 4308 sive
575 4252 713 4308 Gamerae
726 4253 908 4321 apostoncae
930 4253 1089 4308 solvrmtur.

1088 4342 1122 4394 ls
