3062 4994
808 357 991 418 -llo-

333 501 382 584 ΙΙ,
413 499 655 568 oecumenico
682 499 780 584 XVI,
798 502 925 583 latum,
943 520 988 568 ac
1020 502 1218 586 praecipue
1243 521 1290 570 ex
1317 503 1468 570 celebri

333 609 438 674 Pauli
465 609 500 673 II
528 607 786 674 constitutione
802 607 1013 676 ambitiosae
1040 610 1227 695 cupiditati
1244 627 1341 676 auno
1373 610 1471 676 1468

334 715 459 796 edita),
479 716 646 800 legitima
663 719 700 780 et
715 715 872 797 probata
890 733 1003 781 causa
1019 717 1219 782 accedente
1245 719 1470 797 (necessitate

333 819 535 904 Ecclesiae,
555 820 717 904 ejusdem
742 821 893 887 utilitate
909 821 969 888 val
982 823 1115 908 pietate
1142 839 1232 905 erga
1260 841 1467 907 pauperes,

334 928 551 1010 praesertim
568 927 606 992 in
633 927 789 1010 publicis
805 932 841 992 ct
857 928 998 1010 magnis
1021 928 1318 1012 calamitatibus),
1338 947 1386 994 ac
1404 929 1468 995 de-

334 1051 432 1098 mum
446 1035 606 1098 servatis
629 1033 920 1098 solemnitatibus
937 1051 1004 1118 per
1019 1031 1151 1100 Sacros
1170 1031 1337 1101 Oenones
1355 1051 1468 1119 prac-

334 1139 481 1222 scriptis
508 1141 675 1222 (querum
700 1139 864 1204 recensio
888 1143 925 1206 et
941 1140 1122 1222 expositio
1151 1139 1199 1204 ad
1227 1141 1469 1223 professores

334 1245 434 1310 iuris
450 1244 591 1310 Privati
609 1243 860 1310 Ecclesiasticl
876 1245 1045 1330 spectet).
1160 1310 1166 1320 ,

426 1368 502 1433 103.
550 1367 749 1432 Praeterea
765 1368 896 1434 laisum
914 1369 1059 1434 omnino
1079 1373 1135 1434 est
1151 1369 1247 1433 bona
1278 1368 1465 1436 Ecclesia-

334 1493 427 1558 rum,
449 1475 741 1540 Associationnm
760 1475 1025 1558 Religioserum
1043 1475 1105 1540 vol
1121 1475 1266 1540 Piorum
1280 1471 1467 1542 Locorum

334 1581 537 1648 industriae
555 1599 690 1646 nocere
704 1599 748 1646 co
768 1581 863 1664 quod
880 1599 953 1648 non
968 1581 1062 1648 bene
1088 1586 1125 1646 et
1140 1581 1326 1648 fructuose
1354 1600 1466 1647 exco-

335 1689 472 1768 lantur;
491 1687 646 1752 rutilitas
663 1687 759 1753 enim
776 1687 883 1770 hujus
910 1688 1107 1770 injuriosae
1124 1691 1233 1771 atque
1263 1689 1468 1754 ementitae

335 1793 551 1858 assertionis
573 1793 613 1858 iit
628 1793 750 1876 palam
765 1793 960 1858 manifesta
986 1793 1212 1860 ineluctabili
1243 1793 1413 1861 historiae
1431 1801 1469 1860 et

336 1901 487 1966 rationis
504 1899 724 1964 testimonio.

424 2024 584 2090 Historia
599 2023 703 2088 nobis
716 2023 920 2088 luculenter
932 2027 1088 2089 testatur
1098 2039 1275 2108 personas
1287 2026 1465 2106 morales,

335 2132 552 2214 praesertim
569 2147 659 2195 vero
685 2127 839 2196 Ordines
855 2129 1056 2212 Religiosos
1088 2135 1125 2194 et
1151 2129 1322 2195 Instituta
1338 2131 1466 2196 Mona-

335 2237 440 2318 stica,
459 2237 555 2301 inter
573 2253 667 2319 queo
684 2235 837 2318 speciali
865 2237 1046 2300 mentione
1063 2253 1107 2301 ac
1124 2237 1324 2319 praecipua
1351 2237 1466 2302 laude

336 2343 448 2426 digne
465 2351 636 2408 censetur
649 2340 893 2426 congregatio
910 2341 1159 2424 Benedictina,
1175 2343 1326 2426 ejusque
1342 2345 1465 2409 multi·
1517 2373 1518 2457 γ

337 2449 453 2542 plices
467 2447 603 2514 surculi
621 2451 658 2512 et
675 2449 910 2532 propagines,
926 2449 1060 2532 optime
1074 2448 1118 2514 de
1132 2466 1304 2532 agrorum
1316 2450 1467 2515 cultura

335 2561 372 2619 et
389 2555 572 2620 humanae
603 2553 805 2621 industriae
822 2557 1076 2640 progressibus
1103 2556 1236 2620 merita
1267 2573 1361 2638 esse,
1381 2573 1465 2621 oum

337 2665 509 2746 regiones
527 2664 692 2730 desertas
708 2665 744 2730 in
760 2664 906 2730 floridos
921 2682 1030 2748 agros
1044 2665 1124 2748 jugi
1156 2663 1284 2730 labore
1300 2669 1337 2729 et
1354 2665 1463 2730 mira·

334 2771 399 2836 bili
413 2770 592 2854 patientia
609 2771 870 2852 converterint,
889 2771 1067 2856 simulque
1095 2771 1205 2837 etiam
1234 2771 1465 2838 incrementa

335 2878 468 2943 artium
493 2879 626 2960 ubique
654 2879 916 2962 promoverint.
941 2877 1058 2960 “Quot
1087 2879 1196 2961 enim,
1214 2879 1386 2962 apposite
1417 2879 1464 2944 ad
1516 2941 1517 2968 ξ

335 3001 412 3050 rem
430 2985 482 3048 ait
499 2981 727 3048 doctissimus
751 2983 956 3050 Cardinells
980 2983 1115 3067 Soglia,
1145 2983 1315 3049 horridae
1333 2985 1461 3050 solitu·
1516 2991 1517 3058 ξ

336 3091 451 3172 dines,
470 3095 507 3154 et
523 3087 706 3172 quondam
724 3089 884 3154 ferarum
901 3089 1055 3156 latibula
1071 3089 1108 3154 in
1125 3107 1280 3155 amoena
1296 3087 1462 3154 diverso·

335 3197 404 3280 ria,
425 3200 513 3280 quot
524 3195 669 3279 spineta
695 3196 733 3260 in
750 3195 887 3278 hortos,
920 3201 1009 3280 quot
1040 3196 1143 3261 tundi
1170 3196 1398 3280 squallentes
1425 3196 1463 3261 in

335 3322 445 3386 agros
463 3309 499 3370 et
516 3309 635 3388 prata,
660 3308 748 3385 quot
764 3302 910 3368 deserta
926 3303 1010 3368 loca
1033 3307 1070 3368 ct
1094 3303 1285 3369 inaccessa
1301 3303 1338 3368 in
1356 3321 1462 3387 prae·

335 3409 433 3474 diole
450 3410 545 3474 belle
560 3407 753 3474 aedificata
762 3417 799 3473 et
810 3409 947 3474 fertilia
961 3425 1141 3474 conversa
1154 3415 1250 3490 sunt,
1267 3415 1460 3494 postquam

335 3533 381 3579 ea
397 3514 541 3596 Clerici,
572 3525 608 3581 et
640 3516 857 3599 praesertim
887 3515 1056 3581 Monachi
1084 3515 1263 3580 industria
1280 3520 1316 3582 et
1332 3516 1461 3581 labore

335 3638 400 3685 suo
414 3621 692 3708 excoluerunti,
711 3624 772 3707 (1).
792 3621 896 3687 Unde
913 3629 1012 3688 recte
1026 3622 1200 3704 colligere
1216 3623 1274 3687 fas
1291 3627 1347 3687 est
1364 3623 1463 3688 bona
1515 3595 1516 3674 3

335 3725 535 3792 immobilia
556 3727 796 3811 copiosaeque
812 3728 960 3794 divitias
975 3725 1148 3796 Ordinum
1166 3727 1413 3794 Mcnacalium
1426 3737 1462 3794 et

335 3831 668 3915 Congregstlonum
686 3833 930 3916 Regularium,
960 3833 1089 3916 quibus
1106 3833 1301 3898 manifesta
1318 3833 1460 3915 injusti-

336 3941 388 4004 tia
405 3937 607 4004 novissima
636 3943 760 4004 aetate
787 3939 964 4023 expoliati
994 3944 1090 4021 sunt,
1119 3937 1232 4004 fuisse
1261 3957 1398 4022 magna
1415 3955 1461 4004 ex

339 4101 497 4112 -nn-

407 4247 445 4313 (1)
483 4243 554 4300 Iasi.
565 4243 629 4299 Jur.
645 4243 720 4302 Plio.
730 4243 804 4300 net.
820 4247 918 4314 libii,
930 4263 991 4317 osp.
1005 4249 1028 4318 1,
1040 4247 1058 4318 β
1069 4248 1229 4304 LXXVIII.
