3028 4992
775 391 807 400 -
833 358 952 416 344-

303 518 455 564 servare
472 505 652 565 tenentur:
671 502 696 580 0)
715 500 751 564 in
769 499 857 582 ipsis
889 517 1032 582 quoque
1061 497 1233 579 Stattbus,
1252 499 1314 581 qui
1343 515 1441 562 sese

300 607 474 687 Jactitant
491 607 685 670 maximum
704 607 870 670 culturae
901 606 1053 688 gradum
1087 605 1297 686 obtinuisse,
1318 622 1441 686 prac-

304 721 411 795 cepta
437 713 535 776 Jnris
565 713 863 776 internetionalis
899 713 1046 776 minime
1079 711 1344 792 custodiuntur,
1377 711 1442 774 uti

305 819 494 883 evidenter
508 819 702 884 ostendunt
720 823 772 882 tot
789 823 935 900 tamque
953 819 1164 900 frequentes
1189 817 1437 894 violationem

305 930 398 989 teste
415 925 597 1008 locuplete
610 925 712 988 istius
737 925 952 990 assertionis
976 925 1100 1006 iniqua
1126 923 1256 1005 agendi
1281 925 1440 986 ratione

304 1031 455 1096 Russiae
468 1049 556 1113 erga
573 1032 755 1096 infelicem
774 1031 1119 1113 Polontam‚1ta1iae
1144 1049 1233 1112 erga
1265 1030 1439 1094 dominia

305 1139 522 1220 temporalia
546 1138 703 1203 Sanctae
735 1136 850 1218 Sedis,
884 1137 1159 1202 Foederationis
1184 1137 1439 1202 Americanae

305 1261 394 1326 erga
411 1245 578 1326 antiquas
594 1243 763 1309 Coloniae
781 1245 1013 1328 Hispaniam,
1033 1250 1069 1310 et
1083 1242 1245 1327 perfidae
1269 1243 1438 1325 Angliae

306 1367 393 1431 erga
408 1350 644 1432 Respublicas
663 1351 934 1416 Sudatricanas.

396 1455 606 1543 Codificatio.
634 1459 766 1540 Magna
799 1460 948 1541 insuper
982 1458 1177 1522 difficultas
1205 1475 1251 1520 ex
1280 1456 1437 1520 deiectu

306 1561 447 1628 Codicis
465 1565 774 1646 Internationalis,
793 1583 863 1647 quo
898 1565 1070 1647 explicite
1098 1563 1318 1628 deliniantur
1354 1580 1437 1625 mu·

305 1674 390 1733 tuae
407 1669 547 1734 Statum
566 1672 776 1752 relationes,
811 1671 938 1750 oritur;
958 1671 1044 1734 licet
1061 1671 1156 1734 enim
1190 1685 1314 1734 omnes
1340 1669 1438 1748 juri·

306 1781 384 1840 stae
403 1782 439 1840 et
453 1781 671 1842 tractatores
688 1779 847 1859 optimae
861 1783 969 1842 notae
984 1778 1240 1842 necessitatem
1253 1775 1343 1839 fassi
1357 1775 1438 1838 sint

306 1883 342 1944 in
368 1900 475 1946 unum
493 1883 687 1964 colligendi
712 1891 862 1947 cunctas
892 1885 992 1966 leges
1019 1889 1129 1966 atque
1158 1882 1339 1964 principia
1365 1881 1391 1944 J
1395 1898 1438 1942 us

306 1987 593 2052 Internntionale
634 1991 910 2072 constituentia
946 2007 1164 2072 quamquam
1197 1989 1306 2052 etiam
1337 1987 1435 2050 Ben-

306 2094 403 2158 tham
420 2095 480 2176 (1),
511 2096 794 2160 Katohenowski
829 2098 888 2179 (2),
922 2098 1095 2161 Ferrater
1124 2103 1161 2160 et
1191 2095 1332 2160 Parodo
1368 2096 1435 2180 (3),

306 2199 507 2266 Bluntschli
521 2203 568 2280 (4)
588 2207 624 2266 et
635 2201 779 2285 Dudley
793 2203 896 2268 Field
910 2205 957 2284 (ὁ)
977 2203 1177 2267 laudabilia
1202 2201 1435 2284 experimen·

307 2313 345 2370 ta
380 2313 522 2371 tentata
560 2309 645 2390 sint,
681 2327 822 2374 necnon
856 2311 1049 2391 praeclara
1089 2327 1203 2392 opera
1234 2308 1433 2386 ediderint:

308 2415 474 2494 quamvis
492 2413 633 2478 demum
652 2413 858 2479 Institutnm
878 2414 1123 2480 Gandavense
1140 2415 1161 2480 J
1166 2417 1239 2479 uris
1264 2415 1434 2478 Interna·

307 2519 452 2582 tionalis
466 2519 512 2602 (6)
532 2520 764 2600 evulgaverit
782 2521 960 2606 Spectmen
977 2523 1179 2605 replameati
1191 2542 1259 2606 pro
1289 2539 1434 2604 proces-

307 2645 347 2687 su
371 2626 534 2689 arbitrali
566 2629 829 2692 internatiorrcrli
863 2646 958 2692 anno
992 2627 1091 2708 1875,
1129 2628 1295 2692 Manuale
1319 2627 1436 2710 lepram

307 2730 385 2793 belli
426 2736 712 2795 terrestrisanno
748 2733 847 2812 1885,
868 2735 1127 2818 Replameatum
1160 2733 1434 2798 internatioaale

302 2835 519 2918 praeduram
535 2839 789 2903 maritimarum
808 2857 903 2902 anne
924 2839 1021 2920 1887,
1041 2845 1151 2920 atque
1165 2839 1435 2903 eruditissimas

308 2941 494 3004 Marmarica
508 2940 543 3002 i'n
561 2942 635 3004 suis
652 2944 871 3008 authenticis
886 2946 1080 3012 Aarranriia
1097 2951 1134 3010 et
1159 2947 1196 3009 in
1222 2946 1434 3011 Recenaione

306 3044 407 3108 laris
439 3045 722 3113 internatioaaiia
760 3071 801 3113 ac
839 3051 1083 3135 Lepislatiom'a
1112 3059 1347 3135 comparatam
1382 3059 1434 3115 at·

309 3157 430 3214 tamen
448 3153 718 3232 agnoscendum
736 3163 792 3218 est
816 3157 945 3238 ingens
963 3176 1053 3239 opus
1087 3157 1351 3222 aedificationis
1381 3159 1433 3220 in·

308 3257 560 3320 tornationalis
597 3259 688 3323 adeo
729 3269 892 3343 optatum
932 3269 1057 3345 totque
1096 3263 1283 3328 laboribus
1320 3269 1432 3346 atque

309 3364 418 3426 tantis
437 3363 678 3428 moliminibus
691 3377 951 3448 praeparatum
969 3369 1133 3451 usquein
1150 3385 1327 3452 praesens
1344 3387 1432 3434 non·

379 3662 416 3724 (l)
449 3663 483 3713 In
497 3677 549 3714 sua
563 3666 778 3719 adumbratione
793 3665 906 3721 Codicis
919 3670 1162 3723 Internationalis.

379 3735 417 3796 (2)
454 3731 588 3788 Memorio
602 3739 735 3790 Societati
749 3739 887 3804 juridicus
902 3741 1077 3794 Londinansi
1091 3757 1167 3793 anno
1182 3742 1251 3792 1862
1266 3741 1371 3795 dicata.

379 3805 415 3866 (3)
449 3805 504 3860 Jus
515 3804 740 3864 Internationalc
754 3812 783 3861 in
796 3811 889 3862 torma
902 3813 1085 3864 articulorum
1102 3814 1173 3878 legis
1187 3815 1362 3878 expositum.

310 3947 349 3999 La
364 3875 420 4013 dii?
457 3875 511 3930 Jwr
545 3879 767 3935 Intermotionole
797 3881 968 3950 certificatum
993 3885 1078 3945 (coni.
1107 3882 1271 3937 versionem
1302 3885 1433 3950 gallicam

350 3963 420 4012 ry.

380 4021 417 4086 (t)
453 4021 592 4089 Spectmen
611 4019 714 4074 Codicis
730 4019 960 4077 interantimmlia
968 4023 1037 4091 (vid.
1049 4022 1151 4094 Propd
1163 4022 1231 4079 d’un
1252 4023 1322 4079 Cede
1344 4026 1432 4080 iater-

310 4087 442 4168 notiorml,
455 4095 567 4164 traduit
575 4109 626 4160 par
639 4092 731 4146 Rolio.
743 4092 832 4158 Paris,
846 4095 931 4160 1881).

380 4163 416 4226 (tt)
455 4165 607 4216 Academia
620 4167 806 4230 cosmopolita
824 4179 899 4218 anno
918 4167 981 4218 [873
996 4165 1128 4220 instituta
1154 4171 1183 4220 et
1204 4167 1382 4235 quibusdam
1394 4183 1434 4220 aa·

311 4231 392 4285 lectis
403 4235 537 4287 membris
552 4235 717 4302 composita
