3058 4994
547 407 725 466 ..449-

89 550 313 631 proponenda
332 549 489 633 quadam
507 567 635 614 norma
651 551 828 633 aequitati
853 567 1028 633 consona,
1045 567 1138 632 quae
1155 552 1195 616 li-

90 657 172 720 bera
191 655 451 722 deliberatione
469 655 688 722 Germaniae
712 661 750 722 et
776 657 977 741 Hispaniae
1006 659 1195 740 acceptari

88 761 149 826 vel
161 763 256 844 rejici
269 769 406 846 posset.
1079 791 1083 798 ·

172 871 241 934 116.
292 868 430 936 Officiis
458 870 739 935 benevolentiae
764 876 873 954 atque
899 870 1108 937 mediationi
1138 888 1195 935 ac-

86 976 258 1042 censenda
290 981 346 1042 est
377 977 452 1042 alia
482 995 579 1042 nova
612 977 730 1042 torma
757 979 934 1059 pacificae
967 985 1003 1043 et
1031 978 1196 1042 amicalis

84 1085 360 1166 compositionis,
379 1085 572 1150 arbitratae
595 1091 820 1167 nuncupata,
841 1086 908 1150 snb
937 1103 1009 1169 qua
1037 1086 1197 1150 denomi-

83 1190 224 1255 natione
238 1192 342 1256 venit
369 1209 562 1274 processus
588 1191 778 1274 juridicus,
797 1194 835 1260 vi
860 1194 963 1274 quus
988 1191 1056 1256 duo
1075 1191 1197 1258 Status

80 1300 280 1364 sententiae
297 1300 429 1364 tertiae
442 1317 621 1382 personae
635 1301 810 1383 physicae
838 1301 899 1366 vel
916 1301 1065 1366 moralis
1089 1317 1197 1384 qnae·

81 1400 230 1467 ationem
248 1409 409 1468 mutuam
425 1403 633 1486 subjiciunt,
653 1411 692 1468 nt
709 1421 789 1468 earn
800 1404 907 1484 juxta
921 1404 1103 1486 principia
1116 1404 1197 1468 stri-

80 1507 130 1570 cti
151 1507 239 1587 juris
263 1510 397 1574 solvat.
423 1509 589 1576 Diximus
612 1513 814 1596 arbitrium,
840 1511 928 1593 quia
956 1511 1107 1592 speciali
1139 1510 1197 1575 de·

80 1613 261 1696 legatione
288 1615 454 1682 Statuam
482 1618 751 1700 confligentium
779 1635 870 1700 opus
900 1623 968 1699 est;
995 1617 1198 1682 addidimus

80 1722 200 1787 tertiae
210 1743 383 1807 personae
396 1725 561 1808 physicae
576 1727 629 1791 ael
657 1726 813 1808 moralia,
832 1725 969 1790 etenim
993 1723 1199 1804 hujusmodi

80 1824 260 1908 delegatio
289 1839 364 1893 tnm
392 1830 598 1894 nationibus
628 1839 703 1895 tum
731 1830 886 1896 Summis
915 1830 1197 1912 imperantibus,

80 1941 154 1998 tam
185 1934 380 2000 individuis
408 1954 516 2020 quam
544 1937 863 2018 corporationibus
893 1935 1053 2001 conferri
1082 1937 1197 2015 valet;

80 2039 263 2106 subdimus
279 2041 435 2126 denique
451 2046 650 2127 sententiaa,
668 2045 803 2128 quippe
832 2062 1012 2127 personae
1030 2061 1094 2107 seu
1111 2043 1199 2107 enti-

80 2146 159 2226 tati,
177 2148 255 2212 sive
279 2150 457 2232 singulari
475 2151 553 2216 sive
572 2151 802 2233 collectivae,
824 2169 973 2216 munere
1002 2151 1200 2214 arbitratus

81 2251 244 2335 fungenti
261 2258 434 2339 competit
451 2275 542 2322 vera
557 2259 714 2324 facultas
739 2257 995 2339 cognoscendi,
1011 2256 1201 2338 judicandi

82 2357 331 2424 ac'dIrimendi
345 2364 635 2429 controversiam
649 2363 970 2429 internetionalem
983 2379 1048 2426 suo
1063 2362 1200 2442 jndicio

82 2465 295 2546 subjectam.

170 2573 246 2641 lli.
296 2578 502 2643 Arbitratns
521 2577 713 2660 multiplici
730 2583 839 2660 pacto
868 2595 890 2640 a
906 2575 1125 2640 mediatione
1152 2574 1201 2639 di-

84 2692 326 2758 scriminatur:
358 2687 387 2767 ⁵)
406 2685 604 2750 arbitratus
622 2689 677 2749 est
692 2683 871 2748 institutio
888 2681 1133 2746 essentialiter
1147 2682 1202 2764 ju-

84 2797 209 2880 ridica,
246 2794 537 2880 quandoquidem
572 2810 637 2875 per
675 2791 974 2872 compromissum
1006 2789 1203 2872 juridicum

85 2905 314 2969 constituitur
339 2907 375 2967 et
391 2905 560 2966 naturam
577 2901 657 2965 veri
681 2899 809 2981 judicii
826 2898 1045 2981 praesefert,
1064 2897 1102 2960 in
1132 2913 1202 2979 quo

84 3007 260 3075 habentur
294 3009 408 3073 libelli
441 3007 577 3072 oblatio
612 3005 841 3087 (demanda),
875 3005 1201 3082 litis-contestatio,

85 3117 318 3194 probationes
331 3121 367 3179 et
379 3113 751 3194 sententia;mediati0
767 3119 888 3176 autem
902 3129 1065 3176 normam
1080 3126 1203 3191 quam-

86 3219 165 3288 dam
198 3221 352 3306 praebet
383 3239 449 3303 pro
483 3219 732 3301 componendo
767 3218 929 3282 dissidio:
948 3215 973 3295 b)
1006 3216 1204 3280 arbitratus

86 3319 269 3394 exstricta
285 3329 367 3410 jure
386 3327 652 3392 contentionem
672 3326 819 3406 dirimit;
840 3323 1011 3388 mediatio
1026 3339 1113 3386 vero
1128 3329 1211 3414 rem'

86 3436 194 3502 solvit
215 3437 323 3517 juxta
347 3433 542 3518 aequitatis
560 3433 719 3515 regulas:
738 3437 763 3511 ο)
783 3432 920 3495 arbiter
937 3445 1088 3494 servare
1107 3433 1205 3492 tene-

86 3541 141 3605 tur
158 3559 370 3626 processum
398 3559 462 3605 seu
490 3541 655 3604 tramites
674 3537 762 3602 Jure
792 3535 1072 3600 internetionali
1101 3551 1205 3616 prae·

87 3649 242 3732 stitutos,
263 3649 309 3712 ad
326 3649 442 3712 instar
456 3646 674 3728 judiciorum
699 3645 863 3709 civilium
888 3659 932 3707 ac
949 3641 1204 3721 criminalium,

87 3756 233 3832 quaein
250 3755 272 3819 J
276 3771 339 3818 ure
356 3755 499 3817 interno
518 3752 713 3834 cujuslibet
730 3749 851 3816 Status
870 3755 1119 3828 recensentur;
1136 3765 1206 3810 me-

90 3855 206 3926 diator
223 3879 243 3926 e
260 3866 389 3926 contra
406 3877 477 3924 non
496 3858 734 3940 obstringitur
762 3856 982 3921 necessitate
1000 3853 1207 3918 methodum

90 3970 333 4044 processalem
362 3966 600 4047 custodienda
617 3962 643 4046 a)
662 3965 799 4028 arbiter
828 3963 1045 4027 sententiam
1073 3963 1145 4025 fert
1169 3960 1208 4024 vi

92 4077 241 4158 cogendi
265 4075 481 4160 praeditam3
501 4074 680 4139 mediator
705 4070 929 4136 solummodo
959 4069 1130 4152 proponit
1146 4068 1208 4132 ba·

92 4195 146 4246 ses
164 4185 447 4268 compositionis,
467 4199 600 4266 quaea
626 4181 791 4264 partibus
810 4178 1101 4261 discrepantibus
1118 4176 1207 4242 reci·

92 4289 127 4367 pi
144 4293 204 4358 vel
227 4293 330 4358 renui
347 4295 495 4375 queunt:
512 4294 538 4371 ⁰)
557 4289 758 4354 arbitratus
775 4287 813 4352 in
831 4286 1090 4370 compromisso
1119 4285 1208 4348 inito

1033 4395 1067 4443 ao
