3038 4994
777 355 956 414 ..233-

301 502 418 578 nutat3
447 497 574 562 nititur
603 498 762 562 enimin
789 499 901 578 iacto,
920 497 990 564 hoc
1014 502 1081 578 est,
1100 498 1137 562 in
1154 497 1332 581 suffragio
1363 515 1442 562 sen

301 609 387 668 voto
434 603 558 686 populi
587 603 809 688 (plebiscito);
843 604 937 670 sicut
970 603 1199 686 Principatus
1228 603 1440 682 Pontificis,
1511 609 1512 654 l

300 711 415 792 ajunt,
431 711 680 776 exvoluntate
695 710 909 791 populorum
939 709 1100 793 legitime
1130 710 1328 792 coepit,ita
1344 727 1441 774 con·

301 817 416 881 traria
432 816 639 882 eorumdem
657 817 847 882 voluntate
880 835 976 882 nunc
1005 817 1177 898 cessavit,
1204 817 1440 900 quandoqui·
1511 825 1512 884 J

301 923 382 988 dem
399 925 467 1005 ipsi
485 923 611 1006 populi
639 923 809 988 Romanis
842 923 1073 989 Praesulibus
1091 923 1177 988 olim
1194 923 1348 1005 subjecti
1367 923 1441 990 hu·

297 1031 456 1112 jusmodi
470 1030 753 1096 dominationem
770 1031 991 1111 rejecerunt.

390 1135 460 1202 Sed
477 1137 633 1218 simplici
647 1137 773 1201 obtutu
788 1137 970 1218 detegitur
994 1137 1148 1200 futilitas
1175 1136 1439 1216 huJuscemodi

301 1243 591 1308 ratiocinationis
605 1261 651 1308 ex
668 1250 909 1325 praepostera
926 1244 1104 1308 factorum
1122 1245 1440 1324 interpretatione

301 1351 495 1430 repetitae;
514 1349 704 1427 etenim,⁸)
729 1351 861 1414 falsum
892 1357 960 1430 est,
992 1351 1112 1431 pronti
1146 1349 1439 1415 evidentissimis

301 1457 526 1538 argumentis
539 1456 679 1520 ostendi
697 1463 833 1538 posset,
852 1458 1025 1538 populum
1055 1475 1242 1520 romanum
1260 1457 1437 1520 volunta·

302 1563 355 1626 rie
374 1565 592 1626 nescienter
609 1563 754 1626 civilem
770 1562 983 1627 Pontificum
1001 1567 1219 1644 potestatem
1234 1563 1436 1644 repulisse,

301 1669 409 1732 immo
425 1686 513 1732 vero
531 1669 788 1750 appertissime
805 1676 949 1732 constat
974 1685 1101 1732 verum
1115 1669 1286 1750 populum
1311 1686 1438 1732 roma·

302 1791 401 1854 num,
420 1775 456 1838 id
475 1781 542 1855 est,
561 1777 662 1840 cives
677 1775 860 1856 probitate
879 1781 1027 1840 ornatos
1060 1781 1097 1839 et
1130 1775 1321 1840 honestate
1348 1793 1438 1858 spe·

303 1885 433 1960 ctatuS‚
448 1899 520 1946 non
534 1888 655 1946 autem
673 1883 816 1964 impios,
835 1883 1110 1964 perturbatores
1129 1889 1238 1964 atque
1254 1882 1437 1946 factiosos
1511 1901 1512 1928 i

302 1985 479 2068 homines,
499 1989 623 2072 quiex
652 1989 792 2052 cunctis
821 1987 944 2052 mundi
971 1989 1090 2070 plagis
1122 1989 1160 2053 in
1191 1989 1340 2052 Romam
1361 1989 1437 2052 hac

302 2097 495 2160 occasione
510 2095 747 2176 confluerunt,
762 2113 864 2158 suam
878 2099 1036 2158 mentem
1054 2113 1098 2158 ac
1110 2096 1292 2159 sinceram
1302 2095 1436 2158 volun·

302 2205 415 2266 tatem
434 2219 499 2283 pro
517 2201 704 2283 pontificia
720 2201 967 2266 dominatione
984 2219 1262 2283 saepenumero,
1277 2205 1436 2264 strenua

302 2309 514 2374 fortitudine
531 2309 640 2372 etiam
666 2325 789 2372 coram
806 2309 1095 2390 usurpatoribus,
1128 2309 1250 2390 palam
1268 2309 1435 2372 revelas-

306 2413 401 2499 se3l)
418 2432 543 2479 omnes
574 2423 710 2496 coetus,
731 2415 890 2496 collegia
924 2421 1034 2496 atque
1062 2415 1221 2494 comitia,
1240 2415 1369 2478 habita
1386 2414 1436 2479 ad

302 2521 546 2604 expetendum
564 2522 623 2584 vel
638 2523 757 2603 potius
775 2520 1066 2604 extorquendum
1084 2521 1200 2602 plebis
1225 2538 1433 2602 assensum,

303 2633 527 2708 congregata
545 2634 582 2690 et
598 2627 786 2692 celebrata
803 2633 887 2692 sunt
904 2629 970 2691 sub
1000 2628 1166 2709 imperio,
1186 2629 1380 2692 coactione
1397 2633 1435 2691 et

303 2734 504 2797 directione
518 2734 741 2813 invasorum,
760 2733 915 2816 ideoque
932 2734 1033 2798 nulla
1062 2735 1099 2797 vi
1125 2733 1266 2815 pollent
1279 2739 1436 2816 propter
1511 2737 1512 2740 ’

303 2839 566 2922 partialitatem
591 2839 698 2919 juxta
731 2841 848 2921 ipsum
883 2839 1180 2904 adversariorum
1210 2845 1388 2921 systema3
1408 2843 1433 2918 ⁰)
1511 2881 1512 2928 3

303 2945 471 3027 quamvis
499 2951 766 3026 supponeretur
795 2944 905 3026 (quod
937 2946 1083 3009 minime
1112 2945 1264 3010 concedi
1295 2946 1435 3029 potest)
1511 2929 1512 3016 ζ

302 3051 519 3132 suffragium
537 3069 559 3112 a
577 3051 683 3132 plebe
701 3052 873 3114 emissum
905 3052 1017 3115 fuisse
1049 3069 1178 3116 verum
1210 3069 1254 3115 aa
1282 3059 1432 3133 sponta-

302 3175 423 3237 neum,
441 3173 625 3237 nunquam
639 3155 810 3220 voluntas
828 3157 953 3238 populi
971 3161 1101 3222 contra
1114 3157 1294 3237 justitiam
1312 3163 1350 3220 et
1367 3174 1430 3219 na·
1511 3159 1512 3240 ἴ

303 3263 458 3326 turalem
478 3263 701 3342 aequitatem
719 3263 938 3343 praevalere
955 3263 1101 3344 poterit,
1117 3262 1169 3326 ita
1182 3267 1221 3326 nt
1234 3279 1298 3325 suo
1314 3262 1433 3326 lubitu
1511 3283 1512 3358 i

304 3375 413 3450 atque
430 3367 611 3431 arbitratu
629 3367 880 3432 sacratissima
906 3367 1096 3432 Ecclesiae
1130 3373 1167 3432 et
1194 3368 1433 3450 Apostolicae
1511 3365 1512 3368 ’

303 3473 405 3536 Sedis
416 3474 499 3554 jura
517 3470 723 3552 laedantur,
752 3473 1008 3537 convellantur
1025 3479 1061 3538 et
1078 3473 1241 3538 fonditus
1270 3491 1432 3554 pessum·
1511 3475 1512 3552 Ῐ

303 3577 463 3660 dentur;d
477 3582 489 3660 )
504 3581 613 3643 etiam
631 3580 668 3643 in
684 3579 754 3644 hac
767 3579 960 3661 hypothesi
978 3581 1113 3664 populo
1126 3579 1337 3646 Christiano
1355 3587 1432 3646 toto

303 3685 391 3748 orbe
410 3685 542 3748 diffuso
560 3685 696 3749 inesset
713 3686 859 3767 plenum
874 3703 919 3750 ac
936 3687 1138 3768 legitimum
1151 3689 1212 3768 jus
1230 3705 1431 3769 exposcen-

303 3791 340 3855 di
356 3795 392 3853 et
406 3790 631 3854 reclamandi
648 3791 747 3854 Petri
765 3789 974 3856 Successori
1003 3790 1200 3858 Civitatem
1217 3793 1431 3876 Aeternam,

302 3898 407 3962 velut
424 3901 588 3962 centrum
607 3897 861 3980 catholicismi,
880 3898 1002 3962 sedem
1027 3899 1223 3980 Primatus,
1243 3903 1358 3982 atque
1379 3905 1431 3964 tu·

303 4003 413 4066 telam
432 4019 563 4066 sacrae
580 4002 761 4066 libertatis
785 4007 822 4067 et
846 4005 1079 4070 necessariae
1107 4005 1430 4087 independentiae,

304 4125 375 4190 qua
394 4108 558 4190 indigent
570 4106 704 4172 Christi
718 4109 855 4174 vicarii
873 4127 939 4192 pro
953 4111 1109 4193 negotiis
1127 4111 1309 4195 religiosis
1323 4129 1431 4195 expe·

304 4213 444 4277 diendis
462 4219 497 4277 et
511 4215 654 4294 populis
680 4214 726 4278 ad
751 4215 859 4278 finem
876 4233 1085 4297 supremum
1100 4235 1166 4284 sou
1181 4219 1296 4284 vitam
1314 4226 1431 4282 aeter·
1511 4235 1512 4242 ¹

303 4336 388 4385 nam
404 4318 659 4401 perducendis.
