3058 4994
599 455 777 514 -483-

119 599 371 684 (tripulaoibn)
388 599 602 682 inquirendo
617 599 790 684 quidquid
808 599 854 664 ad
873 601 1154 682 comparandam
1170 621 1246 668 cer-

118 710 313 776 titudinem
332 709 577 774 neutralitatis
592 712 628 772 et
644 708 841 772 liceitatem
861 708 980 772 oneris
1007 713 1106 772 recte
1124 708 1244 792 ducat;

131 818 161 898 d)
177 819 232 882 siu
251 835 338 882 vero
357 819 522 901 neutrum
557 815 712 885 medium
730 816 787 879 'ad
816 833 964 898 scopum
995 816 1247 898 attingendum

117 923 293 1004 sufficiat,
313 922 430 986 adhuc
444 928 608 988 remanet
620 941 788 987 recursus
803 922 1078 1004 explorationi8‚
1095 923 1161 988 hoc
1177 928 1244 1005 est,

117 1030 336 1096 exercitium
352 1029 456 1112 juria,
476 1030 571 1114 quod
589 1030 797 1112 appellatur
830 1028 1075 1111 indagationis
1094 1029 1152 1110 (de
1169 1047 1246 1112 pes·

117 1140 254 1222 quiea).

214 1245 291 1328 Age
316 1245 405 1326 jam,
433 1245 463 1308 si
493 1243 599 1308 nauis
624 1243 802 1308 neutralis
831 1243 978 1307 detenta
1007 1248 1043 1309 et
1070 1245 1247 1327 requisita

116 1370 264 1417 merces
288 1352 489 1435 prohibitas
515 1368 586 1414 non
615 1351 723 1431 ferat,
750 1350 952 1432 dimittitur,
975 1355 1012 1414 ut
1038 1370 1141 1416 suum
1167 1370 1246 1418 cur-

116 1479 202 1526 sum
229 1463 484 1543 prosequatur;
512 1458 606 1542 quod
635 1459 665 1522 si
695 1458 983 1522 commonefacta
1008 1477 1073 1540 per
1102 1460 1243 1542 signum

118 1567 222 1649 apud
249 1571 375 1650 gentes
404 1571 623 1632 conventum
653 1566 826 1628 monitum
857 1566 1118 1647 contempserit
1146 1572 1181 1630 et
1209 1567 1245 1632 in

116 1678 246 1758 fugam
265 1692 303 1738 sa
321 1673 529 1755 conjecerit,
551 1671 611 1737 vel
628 1671 918 1737 solemnitatibus
947 1671 1166 1754 supradictis
1192 1691 1245 1738 re·

118 1783 270 1864 cognita
298 1781 569 1844 neutralitatem
589 1779 799 1859 violaverit,
818 1797 840 1842 a
865 1779 1011 1860 navigio
1031 1779 1153 1844 Status
1171 1781 1245 1845 bel-

117 1890 313 1972 ligerantis
342 1889 485 1970 capitur
503 1893 612 1969 atque
641 1887 686 1950 ad
716 1887 873 1968 aliquem
903 1905 949 1950 ex
976 1887 1049 1950 suis
1069 1887 1242 1968 portubus

119 1997 327 2072 adducitur,
347 2002 385 2058 ut
403 2013 563 2076 congrua
582 2011 700 2075 poena
718 1993 913 2074 plautatum
931 1998 1083 2075 captura
1102 2011 1190 2058 vero
1208 1995 1244 2058 in

119 2104 419 2169 confiscationem
443 2119 507 2166 seu
536 2101 666 2166 bonam
691 2101 865 2182 praedam
884 2101 1050 2181 vertitur,
1071 2119 1151 2166 curn
1168 2101 1243 2165 Tri·

119 2211 234 2275 bunal
253 2209 485 2290 Praedarnm,
501 2204 540 2272 re
558 2207 704 2289 cognita
732 2212 768 2272 et
784 2207 1059 2292 probationibus
1077 2207 1145 2272 rite
1164 2225 1244 2288 per-

119 2318 258 2401 peuda,
289 2321 478 2400 capturam
511 2315 709 2397 legitimam
743 2314 918 2394 declarat,
950 2315 1166 2380 sententiam
1200 2313 1245 2380 de

122 2425 263 2490 violata
280 2423 516 2508 neutralitate
534 2420 698 2486 ferendo.
861 2419 866 2430 '

213 2531 391 2595 Limitutt'o
405 2530 597 2594 commercii
616 2535 646 2592 ot
662 2527 906 2612 nncipotioaia.
922 2525 1076 2591 Demum
1094 2527 1245 2593 libertas

121 2637 334 2720 negotiandi
360 2641 395 2700 et
413 2635 611 2718 navigandi
628 2633 787 2698 Statibus
805 2633 1030 2698 neutralibus
1048 2634 1244 2700 inhaerens

122 2745 310 2810 obsidione
330 2749 548 2822 corrrctatur,
564 2741 629 2806 sub
648 2760 716 2823 quo
736 2739 879 2804 nomine
905 2741 1074 2804 usuvenit
1089 2743 1147 2822 jus
1168 2741 1244 2807 Sta·

122 2853 175 2918 tui
193 2853 292 2916 laeso
312 2857 373 2914 aut
402 2850 534 2914 bellum
553 2847 694 2929 gerenti
714 2849 923 2929 competens
941 2846 1242 2914 circumvallandi

124 2961 232 3024 urbes
262 2959 428 3036 munitas,
460 2974 563 3020 arces
590 2955 648 3018 vel
677 2972 804 3020 zonam
840 2953 1057 3018 maritimam
1086 2956 1243 3020 nationis

122 3066 302 3130 laedentis
321 3070 382 3128 aut
399 3061 662 3144 belligerantis:
680 3062 729 3126 uti
755 3079 800 3124 ex
818 3060 1027 3124 definitione
1046 3061 1242 3143 colligitur,

125 3173 261 3256 triplex
279 3171 414 3234 obsidio
435 3175 605 3233 accurate
624 3168 879 3250 distinguenda
903 3173 971 3248 est;
992 3168 1131 3232 obsidio
1145 3173 1243 3253 puci-

120 3283 191 3368 fiua
219 3297 281 3342 seu
308 3279 556 3344 commerciales
590 3276 686 3340 dicta
715 3293 807 3358 quae
843 3275 938 3340 inter
966 3273 1088 3340 Status
1124 3277 1243 3339 conili-

125 3403 251 3470 gcntes
269 3387 386 3450 locum
413 3386 533 3466 habet,
552 3385 672 3466 gratia
691 3384 876 3448 obtinendi
903 3384 1124 3465 quaestionis
1150 3384 1243 3448 solu·

126 3497 260 3560 tionem
271 3495 329 3558 vel
343 3494 498 3573 injuriae
512 3493 637 3556 illatae
650 3493 951 3570 satisfactionem,
962 3490 1099 3555 obsidio
1115 3495 1243 3556 contra

125 3605 288 3668 bellantes
303 3609 483 3683 tamquam
504 3599 659 3663 medium
676 3599 812 3662 licitum
832 3593 937 3661 citius
956 3599 992 3662 in
1017 3615 1145 3680 pacem
1163 3615 1243 3680 per·

126 3709 296 3774 veniendi
325 3711 462 3790 absque
490 3707 675 3788 sanguinis
694 3705 884 3786 effusione;
904 3710 1013 3787 atque
1031 3705 1169 3770 obsidio
1188 3723 1242 3770 re·

125 3817 198 3880 late
217 3817 262 3878 ad
279 3816 462 3896 naturales,
482 3814 609 3896 quibua
635 3814 888 3878 commercium
919 3818 955 3875 et
972 3811 1159 3894 navigatio
1178 3829 1244 3894 per

125 3925 207 3988 loca
224 3925 487 3988 circumclausa
516 3923 763 4005 praepeditur.
791 3921 845 3986 De
862 3921 930 3988 hac
949 3927 1132 4004 postrema
1150 3922 1242 3986 obsi·

126 4031 232 4095 dione
250 4031 329 4094 heic
347 4035 484 4094 tanturn
502 4031 692 4112 loquimur.

215 4137 295 4202 Jam
325 4156 425 4216 vero,
446 4143 484 4201 ut
512 4137 687 4218 ejusmodi
718 4137 854 4202 obsidio
872 4157 960 4204 vere
989 4139 1123 4204 existat
1151 4142 1187 4204 et
1204 4138 1242 4202 vi

127 4245 295 4309 coactiva
321 4247 415 4327 apud
434 4253 559 4326 gentes
584 4245 733 4326 polleat,
750 4246 856 4326 ¹juxta
881 4251 990 4328 pacta
1020 4251 1055 4310 et
1080 4245 1241 4310 declara·

128 4353 242 4416 tiones
261 4352 573 4434 internatiorraleS,
588 4353 819 4434 requiruntur
834 4357 988 4435 quatuor
1003 4353 1239 4417 conditiones:
