3096 4986
816 319 974 382 ..00-

333 462 501 544 publicis,
521 467 677 546 quatuor
694 463 875 548 principia
901 483 991 548 prae
1019 465 1133 531 oculis
1160 466 1288 532 haberi
1303 466 1459 550 debent,
1528 485 1529 542 3

334 569 515 634 nimirum:

426 675 498 738 1.ιιΙΙΙ
543 677 868 764 Patribaasumiliaa
879 679 968 742 ineat
983 678 1112 743 directe
1129 698 1170 743 uc
1186 679 1383 744 immediata
1393 681 1466 765 jae

334 789 366 846 at
382 783 532 868 officiam
551 784 710 848 naturale
723 785 815 870 filias
827 803 907 850 taos
923 783 1128 848 instituendi
1140 785 1178 848 ia
1190 791 1284 848 racto
1299 784 1465 849 doctrina

334 887 538 954 christiana:
553 889 656 970 (ergo
673 890 862 969 institutio,
881 907 975 972 quae
988 889 1120 953 dicitur
1133 889 1351 974 οὸὶίραῑονία,
1368 891 1462 972 iuJu-
1528 947 1529 956 2

335 993 433 1057 riosa
450 1003 506 1058 est
521 999 558 1058 et
575 995 767 1076 potestatis
785 1001 962 1078 paternae
978 995 1146 1074 laesiva).

425 1099 471 1162 Et
484 1117 573 1164 sane
587 1100 656 1165 hoc
673 1101 976 1184 patrumfamilias
990 1101 1247 1182 gravissimum
1263 1117 1392 1166 munus
1410 1101 1462 1165 di·
1528 1129 1529 1132 ¹

335 1205 429 1269 citor
446 1206 609 1292 officium,
629 1207 715 1288 quia
732 1212 904 1272 tenentur
920 1207 1013 1272 illios
1035 1207 1072 1272 in
1087 1223 1179 1272 vera
1202 1207 1382 1288 religione
1410 1209 1462 1272 in·
1528 1229 1529 1280 ς

334 1313 499 1392 edicere,
518 1311 697 1396 simulque
713 1315 770 1398 jae
802 1319 968 1394 vocator,
986 1315 1073 1396 quia
1089 1330 1179 1378 cura
1193 1313 1362 1395 tiliorum,
1379 1332 1463 1379 cum
1528 1315 1529 1408 J

335 1425 534 1482 nascuntur
551 1425 587 1484 et
604 1419 672 1483 sibi
690 1419 881 1484 consulere
895 1425 1092 1502 nequeunt,
1107 1419 1154 1484 ab
1171 1419 1331 1486 Auctore
1355 1425 1462 1484 natu-

336 1543 400 1589 rae
418 1526 506 1606 ipsis
525 1525 689 1606 patribus
719 1525 858 1590 directe
885 1533 922 1590 et
938 1526 1146 1590 immediate
1162 1525 1374 1590 concredita
1391 1533 1461 1607 est;

334 1635 499 1694 attamen
517 1629 655 1712 dejure
672 1637 709 1695 et
724 1631 844 1696 officio
861 1639 1004 1714 patrum
1029 1631 1231 1696 instruendi
1247 1639 1358 1714 atque
1376 1631 1461 1696 edu·

335 1737 442 1802 candi
471 1737 700 1815 liliosineis,
730 1755 825 1821 quae
852 1739 1040 1804 advitam
1070 1742 1170 1804 recte
1197 1739 1463 1805 traducendam
1528 1735 1529 1762 ³

338 1845 549 1906 necessaria
576 1851 659 1908 sunt
676 1845 713 1908 in
730 1843 856 1908 ordine
873 1845 1055 1927 spirituali
1070 1855 1134 1909 aut
1164 1847 1370 1928 temporali,
1391 1847 1462 1912 duo
1528 1879 1529 1936 p

336 1949 634 2014 animadvertere
652 1955 809 2032 oportet:
827 1953 853 2032 ⁸)
869 1950 1073 2032 hujusmodi
1090 1967 1218 2016 munus
1235 1951 1281 2016 ab
1299 1953 1383 2034 ipsa
1399 1971 1462 2018 na·
1528 1985 1529 2034 l

334 2061 416 2118 tura
442 2056 642 2137 injunctum
672 2057 738 2120 sub
762 2055 950 2121 Ecclesiae
978 2057 1222 2139 dependentia
1239 2075 1319 2123 esse
1356 2077 1462 2124 exer·

334 2161 501 2243 cendom3
528 2163 621 2228 sicut
642 2165 738 2227 enim
755 2164 907 2246 quilibet
930 2163 1149 2228 christianus
1175 2165 1243 2228 sub
1270 2163 1463 2232 Ecclesiae

333 2270 529 2351 vigilantia
545 2277 582 2334 et
599 2269 760 2352 positiva
788 2269 988 2334 directione
1020 2275 1076 2335 est
1092 2287 1159 2353 pro
1176 2269 1462 2354 adimplemento
1528 2257 1529 2336 J

335 2375 538 2440 ciliciorum
556 2393 651 2459 quae
669 2383 707 2440 ut
719 2375 937 2440 christianus
950 2376 1073 2456 habet,
1088 2377 1141 2441 ita
1155 2378 1265 2442 etiam
1282 2379 1462 2460 patresfa·
1528 2375 1529 2394 ³

335 2483 454 2546 miliae
474 2501 539 2564 pro
569 2482 769 2547 christiana
792 2483 1017 2546 institutione
1045 2481 1201 2548 tiliorum
1228 2499 1377 2548 suorum
1395 2485 1462 2550 sub

335 2587 524 2652 Ecclesiae
541 2589 736 2670 vigilantia
753 2595 789 2653 et
817 2589 1018 2654 directione
1033 2595 1129 2670 sunt,
1155 2589 1346 2672 quatenus}
1369 2590 1462 2654 chri·
1528 2605 1529 2680 ὲ

337 2694 459 2772 stiaui,
481 2711 561 2757 cum
578 2695 738 2758 officium
753 2695 989 2759 institutionis
1006 2693 1227 2759 christianae
1242 2695 1278 2759 in
1292 2701 1401 2777 patre
1416 2698 1464 2760 sit

334 2799 547 2862 necessaria
562 2801 728 2864 extensio
750 2801 860 2864 officii
879 2801 1020 2882 paterni
1036 2801 1275 2883 esqualitate
1292 2801 1460 2866 christia·

335 2905 470 2984 nitatis,
485 2923 557 2987 qua
574 2905 778 2988 insignitur,
795 2907 973 2971 derivata:
989 2904 1126 2991 b)huic
1143 2908 1460 2990 praestantissimo

335 3010 475 3074 muneri
492 3011 707 3075 satisfacere
732 3029 838 3094 posse
871 3018 994 3094 patres
1026 3017 1102 3077 turn
1119 3029 1185 3096 per
1209 3029 1262 3095 ee,
1288 3023 1367 3078 tum
1395 3031 1461 3097 per
1528 3075 1529 3088 ,

335 3118 440 3198 ali0s;
456 3117 544 3182 licet
559 3117 625 3182 sub
636 3119 785 3201 propria
799 3119 991 3201 vigilantia
1004 3125 1115 3202 atque
1127 3120 1460 3202 responsabilitate.
1528 3129 1529 3222 ᾗ

421 3224 495 3288 tim
541 3224 994 3307 Scholaeprimariaetam
1015 3227 1197 3308 privatae,
1218 3244 1326 3306 quam
1343 3228 1460 3309 publi·
1528 3231 1529 3294 l

333 3347 412 3412 cae,
428 3337 571 3412 patrum
591 3332 692 3395 vices
709 3338 853 3414 gerunt,
882 3349 1079 3414 eorumque
1099 3348 1293 3414 personam
1309 3349 1458 3416 reprae-

333 3443 492 3515 sentant;
523 3453 569 3501 ex
586 3437 684 3502 facto
702 3438 762 3502 vel
794 3437 1028 3520 delegatione
1055 3447 1201 3520 patrum
1230 3437 1458 3525 “privatae„,
1528 3457 1529 3522 j

337 3559 384 3605 ex
399 3543 590 3608 voluntate
603 3545 833 3610 auctoritatis
851 3545 997 3608 socialis
1016 3543 1239 3630 “publicae„:
1255 3547 1357 3627 (ergo
1387 3562 1458 3610 rna·
1528 3549 1529 3626 l

334 3664 407 3728 gna
426 3653 481 3710 est
499 3650 739 3732 praestantia,
757 3651 933 3715 immensa
960 3649 1260 3733 responsabilitas
1277 3654 1314 3715 et
1327 3651 1458 3716 altissi·
1528 3637 1529 3714 l

333 3769 393 3817 ma
406 3753 528 3817 missio
541 3755 808 3836 magistrorum,
828 3757 907 3822 sive
925 3757 1071 3840 privati,
1084 3758 1166 3822 sive
1181 3757 1318 3839 publici
1333 3759 1437 3839 sint.)
1528 3751 1529 3846 ζ

423 3859 633 3943 Enimvero,
653 3861 801 3927 scholae
825 3863 994 3946 privatae
1022 3863 1280 3929 auctoritatem
1294 3869 1455 3946 patruor-
1528 3869 1529 3920 1

337 3965 497 4030 familias
514 3974 807 4052 repraesentant,
825 3972 904 4036 sive
921 3971 967 4034 ab
991 3971 1080 4053 ipsis
1096 3971 1317 4036 constitutae
1331 3973 1408 4037 sint
1422 3979 1458 4036 et
1528 3959 1529 4014 Ψ

333 4077 512 4152 paternae
537 4075 702 4155 rigorose
719 4077 899 4158 appellari
917 4077 1080 4159 valeant,
1098 4077 1178 4142 sive
1192 4076 1240 4142 ab
1257 4078 1340 4142 aliis
1357 4097 1456 4144 crea-

335 4183 395 4242 tae
413 4177 561 4260 fuerint;
581 4181 748 4262 quamvis
766 4183 861 4247 enim
880 4183 975 4266 patri
988 4183 1048 4265 jus
1062 4187 1102 4248 et
1113 4183 1272 4249 officium
1289 4185 1457 4254 naturale
1528 4181 1529 4272 ζ
