3028 4992
24 318 28 409 l

21 446 23 477 l

530 361 708 420 -315-

20 502 24 581 l
78 504 223 584 plurimis
241 505 348 568 iactis
362 505 610 588 enucleandis,
626 523 720 588 quae
734 512 835 571 recte
859 522 903 570 ac
936 505 1183 570 satisfactorie

76 610 193 690 exponi
207 615 270 674 aut
287 611 524 692 interpretari
541 617 726 693 nequeunt
744 630 789 676 ex
803 614 886 694 jure
913 628 1012 675 mare
1043 610 1180 690 divino,

74 713 130 778 hoc
159 723 225 796 est,
246 733 293 780 ex
324 722 508 798 potestate
536 717 726 794 indirecta,
747 736 841 801 quae
870 719 908 783 vi
937 719 1183 800 suprematiae
1298 746 1300 749 ·

14 869 15 884 ,
73 821 260 901 spiritualis
278 830 314 886 et
328 825 470 888 ratione
487 823 568 887 finis
598 825 713 888 ultimi
742 823 877 890 Christi
902 825 1057 888 Vicariis
1088 825 1184 886 inest

14 931 15 988 l
72 929 110 988 ad
121 929 387 1011 cognoscenda,
399 930 598 1010 judicanda
612 936 648 994 et
662 931 865 995 dirimenda
889 930 1069 1013 quaedam
1095 935 1181 994 tem·

71 1035 213 1117 porelia,
228 1041 408 1118 quatenus
423 1037 639 1101 relationem
657 1038 718 1102 vel
736 1038 999 1102 connexionem
1014 1053 1094 1100 cum
1111 1035 1183 1100 fine

71 1143 333 1221 supernaturali
351 1149 387 1206 et
403 1143 482 1206 vita
497 1147 649 1206 aeterna
684 1142 821 1207 habent
852 1152 916 1208 aut
939 1142 1075 1207 habere
1103 1159 1182 1224 pos·

71 1253 155 1312 sunt.

152 1353 196 1418 Et
213 1373 315 1438 sane,
331 1357 362 1420 si
379 1355 573 1438 diligenter
604 1361 815 1439 spectentur
845 1356 1078 1437 Apostolicae
1110 1354 1182 1419 Lit-

72 1463 166 1525 terae
181 1461 250 1526 hac
267 1479 378 1544 super
391 1481 431 1526 re
448 1463 559 1543 latae,
579 1480 623 1526 ac
656 1463 725 1528 rite
757 1463 1005 1544 perpendatur
1022 1463 1182 1541 motoria,

69 1567 175 1646 immo
191 1575 301 1650 etque
318 1569 470 1633 extensio
487 1569 695 1633 earumdem
712 1577 917 1648 contextus,
932 1573 1059 1649 aperte
1070 1567 1185 1648 liquet

73 1676 207 1736 exstare
220 1673 329 1754 plura
345 1673 457 1755 facta,
485 1692 579 1755 quae
611 1681 751 1739 tantum
782 1675 954 1756 potestati
982 1673 1183 1736 indirectas

11 1837 13 1860 ξ
73 1773 136 1840 lili.
155 1778 367 1844 Pontificum
385 1781 494 1843 tribui
528 1780 625 1844 haud
650 1781 785 1862 valent,
813 1780 878 1844 sed
906 1781 978 1844 alio
1006 1797 1052 1843 ex
1083 1780 1183 1842 fonte

11 1879 12 1952 ζ
73 1885 263 1962 repetenda
280 1892 335 1949 est
363 1891 467 1949 recta
483 1903 607 1950 eorum
627 1887 839 1967 explicati03
858 1887 923 1967 sio,
945 1903 1003 1950 ex.
1023 1905 1092 1966 gn,
1112 1901 1184 1948 non

11 1989 13 2056 ἶ
74 1972 329 2056 videntur-cum
345 1993 429 2073 jnre
446 2011 545 2056 mere
563 1992 686 2056 divino
705 1997 804 2056 recte
822 1994 1002 2073 componi:
1018 2001 1044 2072 ⁸)
1061 1991 1183 2054 decre·

11 2185 12 2190 ἵ
73 2101 106 2159 ta
121 2098 320 2180 Pontificia,
336 2100 374 2162 in
392 2101 521 2182 quibus
538 2117 611 2164 non
627 2107 766 2163 tanturn
792 2099 1020 2163 interdicitur
1033 2098 1183 2162 nonnul·

75 2201 112 2266 lis
127 2208 292 2286 gentibus
310 2203 568 2270 commercium
586 2225 782 2284 armorum,
802 2207 987 2270 sedetiam
1017 2220 1183 2286 quarum·

11 2383 12 2388 ἵ
73 2325 214 2394 cumque
228 2314 403 2376 mercium
422 2312 467 2376 ad
483 2313 581 2376 bella
598 2313 698 2376 nullo
726 2313 793 2377 sub
825 2317 993 2394 respectu
1018 2319 1183 2392 spectan-

73 2416 163 2496 tium;
180 2416 205 2502 b)
217 2419 399 2484 solemnes
428 2417 715 2484 Constitutiones
747 2419 784 2482 in
811 2419 940 2500 quibus
965 2419 1184 2480 auctoritate

74 2527 211 2605 propria
228 2533 265 2590 et
276 2526 454 2606 singulari
469 2527 718 2589 munificentia
733 2525 987 2590 concessiones
1005 2530 1183 2587 terrarum

74 2629 157 2694 irunt
172 2634 230 2696 vel
249 2633 394 2696 termini
414 2635 683 2713 possessionum
703 2634 950 2714 assignantur,
970 2633 1021 2695 uti
1052 2631 1185 2712 legitur

73 2737 103 2800 in
117 2748 314 2804 memorata
332 2740 534 2814 Alexandri
552 2739 601 2803 VI
619 2740 724 2803 Bulla
736 2741 833 2804 Inter
846 2747 991 2820 coetera,
1006 2739 1066 2802 ubi
1095 2738 1184 2801 Pon·

73 2845 155 2910 tifex
170 2849 345 2930 explicite
362 2847 529 2912 declarat
546 2865 585 2910 se
603 2864 727 2929 agere:
747 2855 838 2912 mota
860 2849 1020 2930 proprio,
1044 2868 1112 2910 nou
1139 2845 1186 2910 ad

71 2961 210 3019 vestrum
223 2955 276 3019 vet
294 2955 442 3019 alteriue
450 2974 520 3037 pro
537 2955 631 3019 vobis
647 2955 820 3036 (loquitur
838 2953 883 3016 de
900 2953 1110 3017 Elisabetha
1132 2968 1185 3014 re·

73 3057 151 3136 gina
167 3059 352 3124 Castellae
370 3065 406 3122 et
424 3059 468 3124 de
488 3059 719 3124 Ferdinando
738 3077 825 3140 rege
842 3059 1050 3139 Aragoniae
1064 3055 1186 3134 conju-

74 3164 180 3244 gibua)
195 3165 376 3250 superior
395 3167 493 3230 aubis
519 3165 652 3230 oblatae
672 3167 855 3249 petitionis
882 3165 1097 3240 instantiora,
1125 3161 1186 3224 aed

75 3271 109 3334 de
123 3283 238 3339 nostra
256 3293 351 3338 meru
370 3273 581 3338 liberalitate
598 3281 630 3338 et
647 3295 690 3338 erc
705 3281 798 3336 certo
816 3265 1016 3351 scientia,·'⁰)
1033 3271 1184 3350 Aposto-

74 3375 156 3444 licae
179 3381 463 3460 declarationes,
498 3381 534 3442 in
575 3379 703 3460 quibus
738 3378 915 3459 ejusmodi
946 3375 1185 3440 territoriales

73 3483 275 3567 largitiones
288 3487 350 3550 vel
367 3486 603 3550 limitationes
621 3485 853 3548 continentur
885 3501 951 3564 pro
968 3481 1184 3545 determina-

74 3591 113 3655 tis
135 3594 304 3675 gentibue
322 3610 404 3657 cum
434 3591 607 3656 clausulis
636 3591 863 3672 obligatoriis
881 3589 1000 3672 quoad
1019 3593 1186 3652 caeteras

73 3700 242 3779 nationes,
259 3698 376 3762 veluti
391 3697 517 3762 videre
531 3707 586 3761 est
602 3696 700 3779 apud
715 3697 901 3760 laudatam
919 3694 1120 3760 Alexandri
1138 3693 1186 3758 Vl

74 3799 379 3884 constitutionem,
399 3821 505 3885 quae,
541 3803 707 3884 quamvis
736 3804 923 3866 abstracte
955 3801 1187 3866 considerata

74 3905 188 3976 haberi
206 3913 333 3994 posset
357 3915 543 3992 tamquam
568 3909 766 3974 solemnior
789 3907 1015 3972 confirmatio
1039 3921 1185 3988 praece-

75 4012 222 4082 dentium
248 4019 345 4082 inter
378 4015 574 4080 Lusitanos
602 4032 646 4079 ac
675 4014 858 4095 Hispanos
894 4013 1186 4092 conventionum,

75 4119 217 4206 ideoque
235 4123 283 4187 ab
301 4123 390 4204 ipsis
409 4123 554 4186 omnino
571 4120 768 4198 servanda,
799 4137 871 4182 nou
897 4119 1041 4183 videtur
1065 4121 1188 4180 tamen

75 4228 225 4313 reliquus
253 4235 383 4311 gentes
417 4239 453 4293 et
482 4229 668 4311 principes
700 4227 928 4307 obstringere
957 4243 1076 4308 posse,
1106 4239 1187 4288 eum
