3038 4994
383 539 613 624 Quapropter
626 559 691 624 pro
703 543 773 608 hac
786 543 1023 626 discussione,
1035 547 1175 609 semota
1188 561 1421 626 quacumque

292 647 533 730 partialitate,
551 647 620 711 rite
633 648 874 730 enucleanda,
905 651 1072 732 primum,
1101 651 1325 732 argumentis
1343 651 1421 714 ine·

292 756 525 820 laetabilibus
542 755 580 820 in
597 755 753 821 medium
783 758 948 840 prolatis,
980 757 1150 822 Romanis
1182 757 1421 822 Pontificibus
1513 777 1514 848 l

293 861 559 926 vindicabimus
573 869 792 944 potestatem
810 865 898 946 ipsis
912 864 1059 928 insitam
1076 864 1263 946 Principes
1279 883 1301 926 a
1314 868 1421 927 recta

294 967 364 1032 fide
381 969 520 1051 devios,
535 971 572 1034 in
590 971 745 1054 publicis
764 972 911 1054 flagitiis
928 977 1174 1054 contumaces,
1189 971 1249 1036 vel
1263 971 1422 1053 populos
1513 969 1514 1038 l

294 1075 363 1138 sibi
387 1076 571 1157 subjectos
602 1079 794 1160 tyrannice
829 1079 1075 1160 opprimentes
1107 1076 1330 1160 corripiendi
1358 1076 1422 1141 vel
1513 1073 1514 1152 l

295 1183 405 1247 etiam
422 1183 619 1248 salubriter
642 1185 828 1266 puniendi;
859 1185 941 1249 dein
974 1202 1077 1266 vero,
1106 1184 1197 1248 duce
1222 1183 1368 1266 justitia
1385 1189 1423 1246 et

295 1289 465 1370 veritate,
482 1289 712 1356 ostendemus
726 1290 859 1356 Christi
873 1291 1051 1373 Vicarlos,
1067 1309 1148 1355 cum
1160 1307 1424 1372 nonnunquam

295 1393 412 1476 Reges
430 1396 687 1479 deposuerunt,
718 1405 780 1462 aut
804 1399 927 1462 titulos
963 1397 1166 1462 ditionesve
1197 1397 1425 1478 temporales
1513 1387 1514 1440 3

295 1518 524 1584 concessere,
543 1502 704 1584 legitimo
719 1505 801 1585 jure
818 1505 949 1585 egisse,
964 1503 1072 1568 immo
1092 1505 1202 1568 etiarn
1221 1503 1358 1584 optime
1377 1503 1426 1566 de

296 1609 471 1674 socictate
488 1611 588 1673 civili
616 1629 660 1675 ac
679 1612 851 1694 religiosa
877 1628 958 1674 esse
976 1611 1138 1692 meritos,
1158 1610 1302 1693 quando
1324 1607 1427 1676 Chri·

297 1719 463 1782 atiaaitca
481 1718 599 1783 adhuc
617 1720 653 1784 in
671 1719 817 1801 Europa
835 1719 997 1802 vigebat.

387 1823 462 1886 155.
511 1824 614 1888 Nunc
632 1843 735 1906 vero,
755 1825 943 1890 Ecclesiae
962 1826 1082 1889 inesse
1100 1841 1227 1888 veram
1244 1839 1289 1886 ac
1304 1821 1426 1903 legiti-

297 1945 392 1991 mam
421 1935 638 2010 potestatem
670 1932 859 2014 Principes
893 1931 1115 2012 saeculares,
1147 1928 1428 2012 publicedelin-

296 2040 449 2116 quentes
471 2037 532 2100 vel
565 2044 693 2100 contra
720 2039 923 2102 naturalem
957 2038 1185 2102 honestatem
1219 2042 1255 2099 et
1283 2044 1429 2098 rectam

294 2142 472 2223 justitiam
490 2149 698 2225 peccantes,
714 2145 902 2224 judicandi
923 2163 967 2208 ac
984 2143 1190 2226 corrigendi
1208 2140 1346 2222 triplici
1365 2159 1427 2204 ar·

297 2255 553 2330 gumentorum
570 2267 704 2331 genere
722 2251 899 2331 perfacile
929 2251 1122 2331 evincitur,
1140 2249 1294 2329 scilicet,
1314 2248 1430 2311 ratio·

298 2371 356 2436 ne,
373 2357 592 2419 auctoritate
608 2361 718 2438 atque
736 2355 899 2420 historia.

387 2462 546 2525 Ratione.
568 2463 619 2524 1.⁰
644 2461 803 2525 Inticiari
816 2463 951 2544 nequit,
967 2462 1052 2545 quin
1062 2461 1263 2543 Principes,
1279 2467 1318 2524 ut
1331 2462 1430 2526 tales

299 2567 469 2648 spectati,
490 2567 559 2630 hoc
576 2573 643 2646 est,
675 2573 860 2649 tamquam
878 2569 1007 2632 summi
1036 2568 1259 2650 imperantes
1277 2567 1429 2648 publico

298 2672 513 2752 populorum
539 2675 707 2755 regimini
739 2675 916 2754 praelecti
946 2679 983 2738 et
1000 2675 1094 2738 bono
1113 2675 1294 2738 communi
1312 2675 1431 2738 socie·

298 2777 383 2839 tatis
402 2777 521 2841 civilis
553 2796 676 2843 curam
702 2781 962 2862 impendentes,
992 2780 1126 2860 officia,
1157 2785 1193 2843 et
1216 2780 1365 2861 quidem
1385 2779 1430 2844 ob
1513 2853 1514 2872 χ

299 2883 514 2947 altissimam
532 2885 691 2966 ipsorum
710 2886 923 2968 dignitatem
942 2887 1117 2968 graviora
1130 2891 1166 2949 et
1182 2889 1430 2968 praestantio·
1513 2951 1514 2954 ,

299 3007 341 3052 ra
371 2989 456 3070 illis,
488 3008 581 3072 quae
613 2994 769 3056 caeteris
799 2993 952 3074 privatis
980 2993 1205 3074 incumbunt,
1224 2991 1431 3074 adimplere
1513 3027 1514 3034 κ

299 3101 489 3177 cogentum
509 3114 578 3177 age
603 3097 693 3178 jam,
714 3100 807 3161 sicut
823 3099 901 3162 foro
934 3099 1078 3162 interno
1108 3097 1298 3162 Ecclesiae
1317 3101 1430 3181 subji-

300 3202 455 3284 ciuntur,
476 3203 506 3266 si
523 3203 668 3284 quando
683 3203 888 3284 hujusmodi
900 3205 1169 3268 sacratissimas
1183 3205 1430 3284 obligationes
1513 3219 1514 3308 ἐ

303 3308 500 3390 principali
518 3303 731 3372 auctoritati
747 3327 791 3373 ac
818 3328 986 3392 supremo
1019 3311 1187 3392 regimini
1218 3312 1431 3376 vinculatas

300 3413 489 3494 negligant
506 3419 569 3476 aut
584 3415 799 3496 infringant,
815 3416 866 3478 ita
885 3417 995 3480 etiam
1008 3417 1087 3480 foro
1106 3421 1259 3480 externo
1277 3419 1432 3482 subesse

300 3527 463 3600 possunt,
483 3536 563 3582 curn
585 3520 772 3600 neglectus
801 3522 861 3584 vel
879 3523 1121 3603 transgressio
1152 3523 1373 3606 officiorum,
1393 3524 1429 3588 id

300 3628 368 3705 est,
402 3632 594 3705 peccatum
610 3645 632 3690 a
649 3627 814 3708 personis
832 3628 868 3690 iu
886 3629 988 3710 regia
1015 3629 1194 3710 dignitate
1221 3633 1431 3696 constitutis

301 3735 485 3810 patratum
517 3733 678 3795 exterius
714 3739 852 3814 pateat,
887 3741 923 3797 et
962 3736 1143 3799 notorium
1175 3753 1288 3817 penes
1331 3739 1431 3820 ipsos

302 3836 467 3900 subditos
484 3837 560 3900 tiat:
581 3839 749 3920 apposite
767 3839 813 3902 ad
840 3858 916 3902 rem
934 3858 1137 3905 memorare
1154 3843 1315 3906 sufficiat
1339 3845 1431 3908 cele·

300 3941 547 4006 bratissimum
566 3941 691 4007 Sancti
708 3944 891 4009 Ambrosii
909 3947 1127 4030 exemplum,
1146 3950 1207 4030 qui
1223 3949 1431 4030 apostolica

302 4045 474 4110 firmitate
503 4047 744 4114 Theodosium
772 4049 942 4132 Magnum
968 4053 1013 4116 ob
1043 4053 1192 4118 caedem
1208 4071 1274 4119 seu
1291 4057 1430 4120 crimen

303 4151 588 4218 Thessalonicae
607 4155 776 4236 publicae
793 4159 1042 4238 poenitentiae
1058 4161 1227 4242 subjecit.

390 4255 442 4320 25³
489 4257 642 4342 Deinde,
660 4261 848 4344 Principes
867 4266 1007 4347 pariter
1025 4283 1069 4331 ac
1087 4267 1226 4349 privati
1243 4268 1291 4332 ad
1320 4269 1427 4333 finem
