3038 4994
801 409 839 422 —
861 377 980 438 256-

334 527 457 587 tamen
473 521 614 586 eisdem
627 521 773 603 juribus
792 521 941 604 gaudet,
960 538 1076 604 eaque
1092 537 1245 586 exerere
1269 520 1391 586 denuo
1409 538 1471 584 va.
1502 531 1503 630 Ξ

336 628 440 712 leret,
459 631 510 694 uti
529 627 730 712 aliquando
748 627 955 693 novissimis
972 627 1195 710 temporibus
1214 628 1352 692 evenit:
1372 625 1503 690 addi

337 737 428 802 tur'
415 757 451 802 m
468 756 598 822 reaper
612 757 647 802 sc
667 737 886 822 temporales,
907 753 949 801 eo
967 734 1064 820 quod
1077 733 1330 800 controversia
1346 751 1469 798 versa

339 849 398 908 tur
415 843 513 908 circa
531 861 590 908 res
612 843 845 927 temporales,
870 861 965 926 quae
993 859 1061 907 nec
1092 813 1503 996 wpcrnclaralizalac,}

340 967 409 1014 nec
425 951 725 1035 spiritualizctoc,
745 967 863 1033 neque
881 951 1122 1024 miserescunt
1154 947 1287 1040 etenim
1312 947 1407 1011 baec
1435 964 1468 1009 o-

339 1055 438 1120 mnia
454 1055 501 1120 ad
515 1059 741 1138 potestatem
758 1057 925 1122 directam
937 1055 1136 1137 Ecclesiae,
1151 1071 1223 1118 non
1236 1071 1325 1120 vero
1340 977 1503 1118 entire-3
1502 1033 1503 1140 Ξ

341 1169 431 1228 ctam
445 1166 628 1244 spectent:
652 1155 863 1245 adjungitur
878 1162 1013 1228 rationo
1041 1161 1302 1246 capartoritctia
1318 1165 1407 1240 etc,
1425 1158 1466 1222 ad

341 1267 723 1334 innuendumtantum
752 1269 866 1351 agiin
897 1267 952 1332 his
984 1266 1257 1351 quaestionibus
1291 1265 1337 1330 de
1371 1281 1467 1330 mera
1502 1265 1503 1358 Ξ

341 1375 640 1440 subordinatione
665 1376 801 1456 finium,
819 1375 888 1439 boc
906 1379 973 1456 est,
999 1374 1044 1438 de
1059 1373 1303 1438 inferioritate
1321 1372 1384 1436 vel
1412 1370 1466 1434 de·
1502 1365 1503 1448 Ξ

341 1480 539 1564 pendentia
557 1481 752 1562 indirecta,
771 1481 917 1546 minime
930 1485 1052 1546 autem
1069 1481 1113 1544 de
1130 1495 1221 1544 vera
1238 1477 1464 1543 subalterna·
1502 1461 1503 1566 Ξ

341 1588 441 1652 tione
458 1587 519 1651 vel
538 1587 679 1652 directa
698 1587 916 1670 dependent·
907 1605 954 1650 ra
1502 1523 1503 1628 Ξ

325 1724 328 1732 ·
434 1694 510 1758 138.
559 1693 614 1758 Ad
634 1713 700 1758 sex
718 1695 840 1776 capita
857 1711 920 1758 seu
938 1695 1075 1758 classes
1093 1692 1281 1758 commode
1299 1706 1465 1756 revocari

343 1799 505 1882 queunt·
492 1817 589 1882 Jura,
609 1817 703 1882 quae
721 1801 862 1864 ratione
880 1800 960 1864 linis
974 1801 1087 1866 ultimi
1104 1797 1295 1863 Ecclesiae
1328 1813 1463 1878 compo·
1502 1805 1503 1914 Ξ

343 1907 497 1971 tuntvel
512 1913 721 1990 competere
738 1915 901 1989 possunt
924 1906 1217 1990 quandoquidem
1234 1903 1403 1969 Ecclesia
1428 1903 1460 1967 vi
1502 1869 1503 2004 Ξ

343 2011 536 2095 potestatis
554 2031 641 2078 suae
656 2013 895 2093 indirectses
887 2014 957 2094 1psi
972 2017 1124 2096 propter
1137 2013 1245 2076 linem
1262 2025 1464 2092 supremum

343 2118 611 2202 respondentis,
627 2120 771 2200 jnribus
796 2119 920 2202 potiri,
942 2118 1142 2201 eademque
1175 2135 1353 2182 exercere
1372 2116 1466 2180 valet

344 2226 410 2288 sub
428 2227 623 2307 sextuplici
642 2231 812 2308 respectu
845 2225 904 2290 vel
933 2232 1124 2307 conceptu,
1155 2241 1299 2306 nempe:
1337 2221 1462 2302 sociali,

338 2317 497 2417 politico,
514 2332 631 2416 laycali,
644 2333 816 2418 juridico,
831 2333 941 2416 repclc'
957 2337 993 2395 et
1011 2332 1290 2397 internetionali.

434 2437 475 2500 In
490 2438 616 2502 ordine
632 2439 766 2519 sociali,
782 2437 970 2501 Ecclesiae
983 2437 1156 2520 competit
1167 2438 1227 2518 jus
1245 2434 1463 2522 defensionis

344 2543 382 2608 in
400 2543 526 2608 ordine
541 2545 699 2628 politico,
713 2545 773 2624 Jus
789 2545 943 2628 imperio,-
965 2544 1002 2607 in
1018 2543 1145 2608 ordine
1161 2544 1281 2629 lopati,
1304 2545 1364 2624 Jus
1387 2539 1461 2605 irri-

346 2652 500 2731 talionis,
519 2649 588 2714 hoc
603 2657 669 2731 est,
684 2650 785 2732 leges
799 2650 927 2714 civiles
952 2651 1075 2715 irritas
1094 2651 1156 2716 vel
1184 2649 1384 2714 irritabiles
1409 2645 1461 2709 de·

346 2755 524 2836 clarandi;
545 2757 582 2820 in
599 2756 726 2820 ordine
741 2757 906 2840 juridico,
921 2756 981 2838 jus
1001 2759 1206 2843 copritlom'a
1225 2756 1348 2839 quoad
1365 2768 1459 2836 quae·

346 2859 429 2926 dam
454 2879 574 2942 perse
598 2861 817 2945 temporalia
846 2869 996 2944 propter
1028 2863 1226 2945 specialem
1255 2861 1461 2926 relationem

347 2983 428 3032 cum
444 2967 570 3032 ordine
586 2969 780 3050 spirituali3
801 2969 839 3032 in
856 2969 983 3034 ordine
1000 2971 1123 3054 rcpali,
1142 2970 1215 3034 tria
1228 2969 1327 3050 Juro,
1347 2962 1459 3032 videli·
1502 2999 1503 3084 Ξ

346 3079 417 3156 cet,
449 3073 509 3156 jus
527 3075 749 3140 correctioris
766 3073 986 3157 Principum,
1000 3075 1060 3156 jus
1077 3076 1304 3160 depositionis
1321 3073 1458 3155 Regum,

346 3185 457 3264 atque
486 3181 546 3262 Jus
571 3181 801 3247 concessionis
830 3181 1048 3264 Regnorum3
1066 3182 1104 3246 in
1120 3181 1247 3246 ordine
1261 3181 1401 3246 demum
1415 3178 1458 3242 ia-

348 3289 587 3366 tcraotioooli‚
614 3287 675 3368 Jus
703 3287 956 3354 cohaereticum
982 3306 1046 3353 seu
1064 3291 1228 3370 potestas
1258 3287 1460 3352 societatem

348 3393 594 3460 universalem
625 3398 689 3456 aut
721 3393 1024 3459 christianitatem
1052 3393 1311 3473 constituendi,
1345 3391 1457 3465 idest,

348 3499 502 3581 cogendi
514 3499 551 3562 in
569 3517 678 3564 unum
693 3516 817 3563 omnes
837 3500 989 3582 populos
1007 3503 1044 3566 et
1067 3500 1289 3566 christianas
1307 3499 1460 3564 nationes

348 3605 414 3670 sub
432 3622 602 3686 suprema
619 3605 777 3670 Romani
789 3605 972 3670 Pontificis
991 3605 1224 3670 auctoritate.

440 3709 516 3774 149.
565 3709 637 3775 Sub
656 3719 807 3793 aspectu
823 3713 959 3793 sociali,
989 3709 1178 3778 Ecclesiae
1205 3712 1302 3776 inest
1326 3711 1384 3792 jus
1412 3703 1458 3770 dc·

346 3815 519 3902 fessionis
535 3833 602 3900 pro
632 3818 768 3882 tuenda
798 3819 974 3882 societate
1004 3817 1206 3884 christiana
1233 3817 1281 3882 ab
1310 3813 1459 3882 hostibus

349 3927 426 3987 tum
439 3923 605 4004 internis,
619 3927 696 3988 tum
712 3925 886 4007 externis,
903 3927 981 4008 ejus
997 3927 1216 3992 existentiae
1246 3931 1311 3992 aut
1338 3921 1457 3991 incolu-

349 4029 468 4093 mitati
481 4033 663 4096 attentare
681 4031 909 4114 conantibus;
923 4034 1070 4115 etenim,
1100 4050 1182 4098 cum
1194 4033 1347 4098 cuilibet
1360 4026 1458 4096 socie·

350 4135 418 4198 tati
432 4135 492 4215 Jus
506 4143 691 4219 competat
706 4155 809 4204 suam
826 4139 1058 4206 existentiam
1074 4157 1119 4205 ao
1130 4139 1376 4222 integritatem
1391 4133 1457 4200 viu·

352 4241 511 4326 dicandi,
527 4243 683 4308 societas
700 4245 877 4329 perlecta,
897 4247 1012 4312 veluti
1024 4245 1276 4330 estEcclesia,
1295 4234 1456 4330 eiusmodi
