<?xml version="1.0" encoding="UTF-8"?>
<!DOCTYPE html PUBLIC "-//W3C//DTD XHTML 1.0 Transitional//EN"
    "http://www.w3.org/TR/xhtml1/DTD/xhtml1-transitional.dtd">
<html xmlns="http://www.w3.org/1999/xhtml" xml:lang="en" lang="en">
 <head>
  <title>
</title>
<meta http-equiv="Content-Type" content="text/html;charset=utf-8" />
  <meta name='ocr-system' content='tesseract 3.04.00' />
  <meta name='ocr-capabilities' content='ocr_page ocr_carea ocr_par ocr_line ocrx_word'/>
</head>
<body>
  <div class='ocr_page' id='page_1' title='image "./juspublicumeccl00ferngoog_0322.png"; bbox 0 0 3028 4992; ppageno 0'>
   <div class='ocr_carea' id='block_1_1' title="bbox 534 342 712 402">
    <p class='ocr_par' dir='ltr' id='par_1_1' title="bbox 534 342 712 402">
     <span class='ocr_line' id='line_1_1' title="bbox 534 342 712 402; baseline 0 -1"><span class='ocrx_word' id='word_1_1' title='bbox 534 342 712 402; x_wconf 88' lang='grc'>-317-</span> 
     </span>
    </p>
   </div>
   <div class='ocr_carea' id='block_1_2' title="bbox 15 487 1187 4296">
    <p class='ocr_par' dir='ltr' id='par_1_2' title="bbox 15 487 1184 888">
     <span class='ocr_line' id='line_1_2' title="bbox 15 487 1182 570; baseline 0.007 -24"><span class='ocrx_word' id='word_1_2' title='bbox 15 539 16 546; x_wconf 74' lang='grc'>,</span> <span class='ocrx_word' id='word_1_3' title='bbox 68 487 307 552; x_wconf 80' lang='lat' dir='ltr'><strong>nominatione</strong></span> <span class='ocrx_word' id='word_1_4' title='bbox 350 487 454 552; x_wconf 85' lang='lat' dir='ltr'><strong>venit</strong></span> <span class='ocrx_word' id='word_1_5' title='bbox 485 491 649 569; x_wconf 87' lang='lat' dir='ltr'><strong>potestas</strong></span> <span class='ocrx_word' id='word_1_6' title='bbox 677 487 888 552; x_wconf 87' lang='lat' dir='ltr'><strong>societatem</strong></span> <span class='ocrx_word' id='word_1_7' title='bbox 922 488 1182 570; x_wconf 87' lang='lat' dir='ltr'><strong>universalem,</strong></span> 
     </span>
     <span class='ocr_line' id='line_1_3' title="bbox 71 589 1182 676; baseline 0.001 -18"><span class='ocrx_word' id='word_1_8' title='bbox 71 589 359 658; x_wconf 60' lang='lat' dir='ltr'><strong>fflmefionitatom</strong></span> <span class='ocrx_word' id='word_1_9' title='bbox 384 597 645 676; x_wconf 84' lang='lat' dir='ltr'><strong>nuncupatam,</strong></span> <span class='ocrx_word' id='word_1_10' title='bbox 677 592 933 675; x_wconf 85' lang='lat' dir='ltr'><strong>constituendi,</strong></span> <span class='ocrx_word' id='word_1_11' title='bbox 964 594 1127 676; x_wconf 82' lang='lat' dir='ltr'><strong>cogendo</strong></span> <span class='ocrx_word' id='word_1_12' title='bbox 1146 597 1182 659; x_wconf 92' lang='lat' dir='ltr'><strong>in</strong></span> 
     </span>
     <span class='ocr_line' id='line_1_4' title="bbox 15 700 1184 783; baseline 0.003 -20"><span class='ocrx_word' id='word_1_13' title='bbox 15 723 16 726; x_wconf 41' lang='lat'>¹</span> <span class='ocrx_word' id='word_1_14' title='bbox 70 716 166 762; x_wconf 92' lang='lat' dir='ltr'><strong>nuum</strong></span> <span class='ocrx_word' id='word_1_15' title='bbox 179 717 307 764; x_wconf 88' lang='lat' dir='ltr'><strong>omnes</strong></span> <span class='ocrx_word' id='word_1_16' title='bbox 324 701 478 783; x_wconf 90' lang='lat' dir='ltr'><strong>populos</strong></span> <span class='ocrx_word' id='word_1_17' title='bbox 495 704 532 764; x_wconf 91' lang='lat' dir='ltr'><strong>et</strong></span> <span class='ocrx_word' id='word_1_18' title='bbox 549 700 767 764; x_wconf 87' lang='lat' dir='ltr'><strong>christianas</strong></span> <span class='ocrx_word' id='word_1_19' title='bbox 784 701 951 764; x_wconf 88' lang='lat' dir='ltr'><strong>nationes</strong></span> <span class='ocrx_word' id='word_1_20' title='bbox 980 702 1046 764; x_wconf 88' lang='lat' dir='ltr'><strong>sub</strong></span> <span class='ocrx_word' id='word_1_21' title='bbox 1076 702 1184 766; x_wconf 89' lang='lat' dir='ltr'><strong>unica</strong></span> 
     </span>
     <span class='ocr_line' id='line_1_5' title="bbox 68 803 1064 888; baseline 0.002 -20"><span class='ocrx_word' id='word_1_22' title='bbox 68 805 260 872; x_wconf 84' lang='lat' dir='ltr'><strong>directione</strong></span> <span class='ocrx_word' id='word_1_23' title='bbox 277 823 322 871; x_wconf 88' lang='lat' dir='ltr'><strong>ac</strong></span> <span class='ocrx_word' id='word_1_24' title='bbox 338 822 509 888; x_wconf 89' lang='lat' dir='ltr'><strong>suprema</strong></span> <span class='ocrx_word' id='word_1_25' title='bbox 526 803 660 871; x_wconf 81' lang='lat' dir='ltr'><strong>Christi</strong></span> <span class='ocrx_word' id='word_1_26' title='bbox 677 805 813 870; x_wconf 89' lang='lat' dir='ltr'><strong>Vicarii</strong></span> <span class='ocrx_word' id='word_1_27' title='bbox 832 807 1064 871; x_wconf 86' lang='lat' dir='ltr'><strong>auctoritate.</strong></span> 
     </span>
    </p>

    <p class='ocr_par' dir='ltr' id='par_1_3' title="bbox 68 912 1182 1192">
     <span class='ocr_line' id='line_1_6' title="bbox 135 912 1182 996; baseline 0 -19"><span class='ocrx_word' id='word_1_28' title='bbox 135 913 352 996; x_wconf 87' lang='lat' dir='ltr'><strong>Priusquam</strong></span> <span class='ocrx_word' id='word_1_29' title='bbox 360 931 450 978; x_wconf 86' lang='lat' dir='ltr'><strong>vero</strong></span> <span class='ocrx_word' id='word_1_30' title='bbox 463 914 507 978; x_wconf 91' lang='lat' dir='ltr'><strong>de</strong></span> <span class='ocrx_word' id='word_1_31' title='bbox 521 914 746 978; x_wconf 83' lang='lat' dir='ltr'><strong>Ethnarchia</strong></span> <span class='ocrx_word' id='word_1_32' title='bbox 759 912 966 976; x_wconf 80' lang='lat' dir='ltr'><strong>Christiane</strong></span> <span class='ocrx_word' id='word_1_33' title='bbox 978 929 1182 977; x_wconf 89' lang='lat' dir='ltr'><strong>sermonem</strong></span> 
     </span>
     <span class='ocr_line' id='line_1_7' title="bbox 68 1019 1182 1102; baseline 0.001 -21"><span class='ocrx_word' id='word_1_34' title='bbox 68 1019 302 1101; x_wconf 89' lang='lat' dir='ltr'><strong>instituamus,</strong></span> <span class='ocrx_word' id='word_1_35' title='bbox 321 1021 506 1085; x_wconf 89' lang='lat' dir='ltr'><strong>notionem</strong></span> <span class='ocrx_word' id='word_1_36' title='bbox 523 1019 733 1102; x_wconf 85' lang='lat' dir='ltr'><strong>generalem</strong></span> <span class='ocrx_word' id='word_1_37' title='bbox 762 1020 948 1084; x_wconf 87' lang='lat' dir='ltr'><strong>societatis</strong></span> <span class='ocrx_word' id='word_1_38' title='bbox 977 1019 1182 1084; x_wconf 87' lang='lat' dir='ltr'><strong>ethnarchi-</strong></span> 
     </span>
     <span class='ocr_line' id='line_1_8' title="bbox 69 1127 340 1192; baseline 0.015 -4"><span class='ocrx_word' id='word_1_39' title='bbox 69 1141 124 1189; x_wconf 88' lang='lat' dir='ltr'><strong>cae</strong></span> <span class='ocrx_word' id='word_1_40' title='bbox 140 1127 340 1192; x_wconf 86' lang='lat' dir='ltr'><strong>trademus.</strong></span> 
     </span>
    </p>

    <p class='ocr_par' dir='ltr' id='par_1_4' title="bbox 15 1231 1184 2362">
     <span class='ocr_line' id='line_1_9' title="bbox 147 1231 1181 1318; baseline -0.001 -21"><span class='ocrx_word' id='word_1_41' title='bbox 147 1233 223 1298; x_wconf 88' lang='lat'><strong>186.</strong></span> <span class='ocrx_word' id='word_1_42' title='bbox 274 1233 438 1299; x_wconf 86' lang='lat' dir='ltr'><strong>Societas</strong></span> <span class='ocrx_word' id='word_1_43' title='bbox 470 1234 706 1298; x_wconf 89' lang='lat' dir='ltr'><strong>ethnarchica</strong></span> <span class='ocrx_word' id='word_1_44' title='bbox 730 1231 872 1296; x_wconf 88' lang='lat' dir='ltr'><strong>definiri</strong></span> <span class='ocrx_word' id='word_1_45' title='bbox 890 1236 1022 1316; x_wconf 89' lang='lat' dir='ltr'><strong>potest:</strong></span> <span class='ocrx_word' id='word_1_46' title='bbox 1040 1231 1181 1318; x_wconf 76' lang='lat' dir='ltr'><strong>Conpre-</strong></span> 
     </span>
     <span class='ocr_line' id='line_1_10' title="bbox 68 1341 1184 1425; baseline 0.001 -21"><span class='ocrx_word' id='word_1_47' title='bbox 68 1342 150 1422; x_wconf 85' lang='lat' dir='ltr'><strong>patio</strong></span> <span class='ocrx_word' id='word_1_48' title='bbox 160 1343 319 1425; x_wconf 82' lang='lat' dir='ltr'><strong>pluriam</strong></span> <span class='ocrx_word' id='word_1_49' title='bbox 335 1343 527 1417; x_wconf 81' lang='lat' dir='ltr'><strong>notionum,</strong></span> <span class='ocrx_word' id='word_1_50' title='bbox 548 1361 633 1424; x_wconf 79' lang='lat' dir='ltr'><strong>qnae</strong></span> <span class='ocrx_word' id='word_1_51' title='bbox 645 1361 714 1425; x_wconf 84' lang='lat' dir='ltr'><strong>pro</strong></span> <span class='ocrx_word' id='word_1_52' title='bbox 728 1341 795 1425; x_wconf 77' lang='lat' dir='ltr'><strong>fiae</strong></span> <span class='ocrx_word' id='word_1_53' title='bbox 812 1361 871 1404; x_wconf 84' lang='lat' dir='ltr'><strong>seu</strong></span> <span class='ocrx_word' id='word_1_54' title='bbox 901 1341 985 1406; x_wconf 85' lang='lat' dir='ltr'><strong>bono</strong></span> <span class='ocrx_word' id='word_1_55' title='bbox 1013 1342 1184 1406; x_wconf 74' lang='lat' dir='ltr'><strong>cemorani</strong></span> 
     </span>
     <span class='ocr_line' id='line_1_11' title="bbox 69 1448 1182 1530; baseline 0.003 -23"><span class='ocrx_word' id='word_1_56' title='bbox 69 1448 280 1530; x_wconf 78' lang='lat' dir='ltr'><strong>assequendo,</strong></span> <span class='ocrx_word' id='word_1_57' title='bbox 297 1448 397 1511; x_wconf 82' lang='lat' dir='ltr'><strong>initis</strong></span> <span class='ocrx_word' id='word_1_58' title='bbox 414 1449 692 1513; x_wconf 82' lang='lat' dir='ltr'><strong>conventionibus</strong></span> <span class='ocrx_word' id='word_1_59' title='bbox 717 1457 748 1512; x_wconf 86' lang='lat' dir='ltr'><strong>et</strong></span> <span class='ocrx_word' id='word_1_60' title='bbox 764 1448 969 1511; x_wconf 84' lang='lat' dir='ltr'><strong>auctoritate</strong></span> <span class='ocrx_word' id='word_1_61' title='bbox 987 1449 1182 1526; x_wconf 81' lang='lat' dir='ltr'><strong>constituta,</strong></span> 
     </span>
     <span class='ocr_line' id='line_1_12' title="bbox 69 1551 1180 1639; baseline 0.002 -25"><span class='ocrx_word' id='word_1_62' title='bbox 69 1551 109 1614; x_wconf 84' lang='lat' dir='ltr'><strong>od</strong></span> <span class='ocrx_word' id='word_1_63' title='bbox 124 1554 268 1617; x_wconf 84' lang='lat' dir='ltr'><strong>iaoioem</strong></span> <span class='ocrx_word' id='word_1_64' title='bbox 285 1557 554 1639; x_wconf 79' lang='lat' dir='ltr'><strong>conjuopoatur,·</strong></span> <span class='ocrx_word' id='word_1_65' title='bbox 567 1571 613 1618; x_wconf 89' lang='lat' dir='ltr'><strong>ex</strong></span> <span class='ocrx_word' id='word_1_66' title='bbox 626 1553 695 1617; x_wconf 90' lang='lat' dir='ltr'><strong>hac</strong></span> <span class='ocrx_word' id='word_1_67' title='bbox 710 1552 918 1618; x_wconf 85' lang='lat' dir='ltr'><strong>delinitione</strong></span> <span class='ocrx_word' id='word_1_68' title='bbox 931 1553 1040 1634; x_wconf 91' lang='lat' dir='ltr'><strong>plane</strong></span> <span class='ocrx_word' id='word_1_69' title='bbox 1054 1569 1180 1616; x_wconf 86' lang='lat' dir='ltr'><strong>eruun-</strong></span> 
     </span>
     <span class='ocr_line' id='line_1_13' title="bbox 70 1661 1183 1744; baseline 0.004 -24"><span class='ocrx_word' id='word_1_70' title='bbox 70 1665 119 1721; x_wconf 88' lang='lat' dir='ltr'><strong>tur</strong></span> <span class='ocrx_word' id='word_1_71' title='bbox 131 1662 288 1742; x_wconf 90' lang='lat' dir='ltr'><strong>quinque</strong></span> <span class='ocrx_word' id='word_1_72' title='bbox 307 1661 533 1725; x_wconf 88' lang='lat' dir='ltr'><strong>conditiones</strong></span> <span class='ocrx_word' id='word_1_73' title='bbox 566 1679 629 1725; x_wconf 90' lang='lat' dir='ltr'><strong>seu</strong></span> <span class='ocrx_word' id='word_1_74' title='bbox 647 1661 859 1724; x_wconf 83' lang='lat' dir='ltr'><strong>essentialia</strong></span> <span class='ocrx_word' id='word_1_75' title='bbox 877 1661 1069 1742; x_wconf 89' lang='lat' dir='ltr'><strong>elementa,</strong></span> <span class='ocrx_word' id='word_1_76' title='bbox 1089 1677 1183 1744; x_wconf 90' lang='lat' dir='ltr'><strong>quae</strong></span> 
     </span>
     <span class='ocr_line' id='line_1_14' title="bbox 15 1764 1184 1856; baseline 0.004 -29"><span class='ocrx_word' id='word_1_77' title='bbox 15 1801 16 1856; x_wconf 76' lang='lat'>3</span> <span class='ocrx_word' id='word_1_78' title='bbox 71 1764 110 1827; x_wconf 87' lang='lat' dir='ltr'><strong>ad</strong></span> <span class='ocrx_word' id='word_1_79' title='bbox 124 1766 415 1830; x_wconf 87' lang='lat' dir='ltr'><strong>constituendam</strong></span> <span class='ocrx_word' id='word_1_80' title='bbox 444 1768 657 1831; x_wconf 89' lang='lat' dir='ltr'><strong>societatem</strong></span> <span class='ocrx_word' id='word_1_81' title='bbox 686 1767 1004 1831; x_wconf 82' lang='lat' dir='ltr'><strong>internetionalem</strong></span> <span class='ocrx_word' id='word_1_82' title='bbox 1035 1785 1184 1850; x_wconf 89' lang='lat' dir='ltr'><strong>prorsus</strong></span> 
     </span>
     <span class='ocr_line' id='line_1_15' title="bbox 15 1863 1182 1956; baseline 0.006 -24"><span class='ocrx_word' id='word_1_83' title='bbox 15 1863 16 1866; x_wconf 67' lang='grc'>’</span> <span class='ocrx_word' id='word_1_84' title='bbox 70 1874 305 1955; x_wconf 84' lang='lat' dir='ltr'><strong>requiruntur,</strong></span> <span class='ocrx_word' id='word_1_85' title='bbox 325 1891 468 1952; x_wconf 86' lang='lat' dir='ltr'><strong>nempe:</strong></span> <span class='ocrx_word' id='word_1_86' title='bbox 488 1873 679 1956; x_wconf 87' lang='lat' dir='ltr'><strong>pluralitas</strong></span> <span class='ocrx_word' id='word_1_87' title='bbox 698 1875 897 1954; x_wconf 87' lang='lat' dir='ltr'><strong>nationum,</strong></span> <span class='ocrx_word' id='word_1_88' title='bbox 927 1873 1059 1938; x_wconf 89' lang='lat' dir='ltr'><strong>bonum</strong></span> <span class='ocrx_word' id='word_1_89' title='bbox 1089 1891 1182 1939; x_wconf 89' lang='lat' dir='ltr'><strong>com·</strong></span> 
     </span>
     <span class='ocr_line' id='line_1_16' title="bbox 15 1979 1184 2061; baseline 0.003 -21"><span class='ocrx_word' id='word_1_90' title='bbox 15 2001 16 2004; x_wconf 41' lang='lat'>¹</span> <span class='ocrx_word' id='word_1_91' title='bbox 72 1993 179 2059; x_wconf 86' lang='lat' dir='ltr'><strong>mune,</strong></span> <span class='ocrx_word' id='word_1_92' title='bbox 209 1981 418 2061; x_wconf 79' lang='lat' dir='ltr'><strong>conjunctio</strong></span> <span class='ocrx_word' id='word_1_93' title='bbox 448 1980 608 2060; x_wconf 89' lang='lat' dir='ltr'><strong>moralis,</strong></span> <span class='ocrx_word' id='word_1_94' title='bbox 629 1979 814 2044; x_wconf 89' lang='lat' dir='ltr'><strong>vinculum</strong></span> <span class='ocrx_word' id='word_1_95' title='bbox 839 1979 1035 2061; x_wconf 88' lang='lat' dir='ltr'><strong>juridicum</strong></span> <span class='ocrx_word' id='word_1_96' title='bbox 1065 1981 1184 2061; x_wconf 88' lang='lat' dir='ltr'><strong>pactis</strong></span> 
     </span>
     <span class='ocr_line' id='line_1_17' title="bbox 72 2085 1181 2167; baseline 0.004 -23"><span class='ocrx_word' id='word_1_97' title='bbox 72 2085 243 2165; x_wconf 85' lang='lat' dir='ltr'><strong>expressis</strong></span> <span class='ocrx_word' id='word_1_98' title='bbox 261 2085 323 2149; x_wconf 87' lang='lat' dir='ltr'><strong>vel</strong></span> <span class='ocrx_word' id='word_1_99' title='bbox 342 2085 462 2148; x_wconf 89' lang='lat' dir='ltr'><strong>tacitis</strong></span> <span class='ocrx_word' id='word_1_100' title='bbox 480 2085 658 2166; x_wconf 84' lang='lat' dir='ltr'><strong>fulcitum,</strong></span> <span class='ocrx_word' id='word_1_101' title='bbox 678 2091 787 2167; x_wconf 90' lang='lat' dir='ltr'><strong>atque</strong></span> <span class='ocrx_word' id='word_1_102' title='bbox 817 2085 1015 2148; x_wconf 87' lang='lat' dir='ltr'><strong>auctoritas</strong></span> <span class='ocrx_word' id='word_1_103' title='bbox 1029 2085 1181 2166; x_wconf 86' lang='lat' dir='ltr'><strong>judicia·</strong></span> 
     </span>
     <span class='ocr_line' id='line_1_18' title="bbox 73 2191 1182 2274; baseline 0.004 -22"><span class='ocrx_word' id='word_1_104' title='bbox 73 2191 121 2271; x_wconf 92' lang='lat' dir='ltr'><strong>lis,</strong></span> <span class='ocrx_word' id='word_1_105' title='bbox 138 2195 242 2273; x_wconf 88' lang='lat' dir='ltr'><strong>cujus</strong></span> <span class='ocrx_word' id='word_1_106' title='bbox 259 2193 390 2272; x_wconf 82' lang='lat' dir='ltr'><strong>forma,</strong></span> <span class='ocrx_word' id='word_1_107' title='bbox 406 2192 621 2256; x_wconf 82' lang='lat' dir='ltr'><strong>exercitium</strong></span> <span class='ocrx_word' id='word_1_108' title='bbox 639 2209 683 2255; x_wconf 89' lang='lat' dir='ltr'><strong>ac</strong></span> <span class='ocrx_word' id='word_1_109' title='bbox 701 2193 865 2256; x_wconf 81' lang='lat' dir='ltr'><strong>extensio</strong></span> <span class='ocrx_word' id='word_1_110' title='bbox 882 2192 918 2256; x_wconf 91' lang='lat' dir='ltr'><strong>in</strong></span> <span class='ocrx_word' id='word_1_111' title='bbox 934 2193 1022 2273; x_wconf 91' lang='lat' dir='ltr'><strong>ipsis</strong></span> <span class='ocrx_word' id='word_1_112' title='bbox 1046 2193 1182 2274; x_wconf 88' lang='lat' dir='ltr'><strong>pactio·</strong></span> 
     </span>
     <span class='ocr_line' id='line_1_19' title="bbox 72 2297 700 2362; baseline 0.003 -3"><span class='ocrx_word' id='word_1_113' title='bbox 72 2297 167 2362; x_wconf 87' lang='lat' dir='ltr'><strong>nibus</strong></span> <span class='ocrx_word' id='word_1_114' title='bbox 182 2299 353 2362; x_wconf 87' lang='lat' dir='ltr'><strong>statuitur</strong></span> <span class='ocrx_word' id='word_1_115' title='bbox 371 2305 408 2362; x_wconf 87' lang='lat' dir='ltr'><strong>et</strong></span> <span class='ocrx_word' id='word_1_116' title='bbox 424 2298 700 2362; x_wconf 89' lang='lat' dir='ltr'><strong>determinatur.</strong></span> 
     </span>
    </p>

    <p class='ocr_par' dir='ltr' id='par_1_5' title="bbox 73 2401 1187 4296">
     <span class='ocr_line' id='line_1_20' title="bbox 152 2401 1181 2487; baseline 0 -19"><span class='ocrx_word' id='word_1_117' title='bbox 152 2401 261 2486; x_wconf 88' lang='lat' dir='ltr'><strong>Origo</strong></span> <span class='ocrx_word' id='word_1_118' title='bbox 289 2405 476 2468; x_wconf 90' lang='lat' dir='ltr'><strong>societatis</strong></span> <span class='ocrx_word' id='word_1_119' title='bbox 493 2404 787 2470; x_wconf 88' lang='lat' dir='ltr'><strong>internationalis</strong></span> <span class='ocrx_word' id='word_1_120' title='bbox 804 2404 939 2487; x_wconf 90' lang='lat' dir='ltr'><strong>triplici</strong></span> <span class='ocrx_word' id='word_1_121' title='bbox 958 2405 1181 2486; x_wconf 90' lang='lat' dir='ltr'><strong>potissimum</strong></span> 
     </span>
     <span class='ocr_line' id='line_1_21' title="bbox 74 2508 1182 2597; baseline 0.005 -28"><span class='ocrx_word' id='word_1_122' title='bbox 74 2508 296 2576; x_wconf 83' lang='lat' dir='ltr'><strong>fundamento</strong></span> <span class='ocrx_word' id='word_1_123' title='bbox 314 2511 491 2587; x_wconf 85' lang='lat' dir='ltr'><strong>innititur:</strong></span> <span class='ocrx_word' id='word_1_124' title='bbox 513 2513 560 2576; x_wconf 88' lang='lat'><strong>1.⁰</strong></span> <span class='ocrx_word' id='word_1_125' title='bbox 584 2515 818 2578; x_wconf 81' lang='lat' dir='ltr'><strong>communione</strong></span> <span class='ocrx_word' id='word_1_126' title='bbox 851 2513 1077 2597; x_wconf 64' lang='lat' dir='ltr'><strong>nepotioruna</strong></span> <span class='ocrx_word' id='word_1_127' title='bbox 1110 2516 1182 2576; x_wconf 90' lang='lat' dir='ltr'><strong>etc·</strong></span> 
     </span>
     <span class='ocr_line' id='line_1_22' title="bbox 75 2617 1184 2701; baseline 0.004 -22"><span class='ocrx_word' id='word_1_128' title='bbox 75 2617 137 2681; x_wconf 92' lang='lat' dir='ltr'><strong>nim</strong></span> <span class='ocrx_word' id='word_1_129' title='bbox 153 2617 306 2682; x_wconf 87' lang='lat' dir='ltr'><strong>inficiari</strong></span> <span class='ocrx_word' id='word_1_130' title='bbox 322 2619 448 2701; x_wconf 90' lang='lat' dir='ltr'><strong>nequit</strong></span> <span class='ocrx_word' id='word_1_131' title='bbox 465 2617 594 2682; x_wconf 89' lang='lat' dir='ltr'><strong>adesse</strong></span> <span class='ocrx_word' id='word_1_132' title='bbox 627 2619 806 2700; x_wconf 88' lang='lat' dir='ltr'><strong>quaedam</strong></span> <span class='ocrx_word' id='word_1_133' title='bbox 839 2619 986 2700; x_wconf 85' lang='lat' dir='ltr'><strong>negotia</strong></span> <span class='ocrx_word' id='word_1_134' title='bbox 1020 2619 1184 2700; x_wconf 89' lang='lat' dir='ltr'><strong>pluribus</strong></span> 
     </span>
     <span class='ocr_line' id='line_1_23' title="bbox 75 2723 1182 2807; baseline 0.005 -23"><span class='ocrx_word' id='word_1_135' title='bbox 75 2723 279 2805; x_wconf 88' lang='lat' dir='ltr'><strong>nationibus,</strong></span> <span class='ocrx_word' id='word_1_136' title='bbox 294 2723 337 2788; x_wconf 92' lang='lat' dir='ltr'><strong>iis</strong></span> <span class='ocrx_word' id='word_1_137' title='bbox 355 2725 572 2807; x_wconf 87' lang='lat' dir='ltr'><strong>praesertim</strong></span> <span class='ocrx_word' id='word_1_138' title='bbox 588 2725 745 2807; x_wconf 87' lang='lat' dir='ltr'><strong>populis,</strong></span> <span class='ocrx_word' id='word_1_139' title='bbox 765 2724 826 2806; x_wconf 91' lang='lat' dir='ltr'><strong>qui</strong></span> <span class='ocrx_word' id='word_1_140' title='bbox 840 2725 885 2788; x_wconf 92' lang='lat' dir='ltr'><strong>ob</strong></span> <span class='ocrx_word' id='word_1_141' title='bbox 899 2725 1182 2807; x_wconf 80' lang='lat' dir='ltr'><strong>geographicam</strong></span> 
     </span>
     <span class='ocr_line' id='line_1_24' title="bbox 75 2830 1183 2912; baseline 0.005 -20"><span class='ocrx_word' id='word_1_142' title='bbox 75 2831 290 2912; x_wconf 86' lang='lat' dir='ltr'><strong>positionem,</strong></span> <span class='ocrx_word' id='word_1_143' title='bbox 309 2830 538 2895; x_wconf 88' lang='lat' dir='ltr'><strong>identitatem</strong></span> <span class='ocrx_word' id='word_1_144' title='bbox 563 2832 701 2912; x_wconf 81' lang='lat' dir='ltr'><strong>stirpis,</strong></span> <span class='ocrx_word' id='word_1_145' title='bbox 722 2831 922 2895; x_wconf 86' lang='lat' dir='ltr'><strong>relationes</strong></span> <span class='ocrx_word' id='word_1_146' title='bbox 951 2833 1183 2897; x_wconf 90' lang='lat' dir='ltr'><strong>commercia·</strong></span> 
     </span>
     <span class='ocr_line' id='line_1_25' title="bbox 76 2932 1183 3019; baseline 0.006 -24"><span class='ocrx_word' id='word_1_147' title='bbox 76 2932 119 2998; x_wconf 83' lang='lat' dir='ltr'><strong>les</strong></span> <span class='ocrx_word' id='word_1_148' title='bbox 137 2937 302 3002; x_wconf 87' lang='lat' dir='ltr'><strong>velalios</strong></span> <span class='ocrx_word' id='word_1_149' title='bbox 320 2936 512 3002; x_wconf 89' lang='lat' dir='ltr'><strong>historicos</strong></span> <span class='ocrx_word' id='word_1_150' title='bbox 541 2945 695 3002; x_wconf 89' lang='lat' dir='ltr'><strong>eventus</strong></span> <span class='ocrx_word' id='word_1_151' title='bbox 727 2937 848 3019; x_wconf 89' lang='lat' dir='ltr'><strong>aliquo</strong></span> <span class='ocrx_word' id='word_1_152' title='bbox 879 2939 1008 3001; x_wconf 88' lang='lat' dir='ltr'><strong>morali</strong></span> <span class='ocrx_word' id='word_1_153' title='bbox 1036 2939 1183 3002; x_wconf 91' lang='lat' dir='ltr'><strong>vinculo</strong></span> 
     </span>
     <span class='ocr_line' id='line_1_26' title="bbox 76 3037 1184 3124; baseline 0.007 -23"><span class='ocrx_word' id='word_1_154' title='bbox 76 3037 329 3124; x_wconf 86' lang='lat' dir='ltr'><strong>devinciuntur,</strong></span> <span class='ocrx_word' id='word_1_155' title='bbox 355 3044 446 3108; x_wconf 88' lang='lat' dir='ltr'><strong>adeo</strong></span> <span class='ocrx_word' id='word_1_156' title='bbox 465 3045 682 3124; x_wconf 89' lang='lat' dir='ltr'><strong>communia,</strong></span> <span class='ocrx_word' id='word_1_157' title='bbox 701 3049 741 3107; x_wconf 92' lang='lat' dir='ltr'><strong>ut</strong></span> <span class='ocrx_word' id='word_1_158' title='bbox 758 3047 873 3107; x_wconf 87' lang='lat' dir='ltr'><strong>statue</strong></span> <span class='ocrx_word' id='word_1_159' title='bbox 891 3045 995 3107; x_wconf 92' lang='lat' dir='ltr'><strong>unius</strong></span> <span class='ocrx_word' id='word_1_160' title='bbox 1014 3049 1077 3107; x_wconf 84' lang='lat' dir='ltr'><strong>aut</strong></span> <span class='ocrx_word' id='word_1_161' title='bbox 1096 3045 1184 3109; x_wconf 88' lang='lat' dir='ltr'><strong>altc-</strong></span> 
     </span>
     <span class='ocr_line' id='line_1_27' title="bbox 75 3145 1181 3232; baseline 0.007 -26"><span class='ocrx_word' id='word_1_162' title='bbox 75 3145 271 3232; x_wconf 84' lang='lat' dir='ltr'><strong>riuegentis</strong></span> <span class='ocrx_word' id='word_1_163' title='bbox 300 3150 494 3232; x_wconf 89' lang='lat' dir='ltr'><strong>plurimum</strong></span> <span class='ocrx_word' id='word_1_164' title='bbox 511 3150 656 3213; x_wconf 90' lang='lat' dir='ltr'><strong>intersit</strong></span> <span class='ocrx_word' id='word_1_165' title='bbox 684 3151 792 3214; x_wconf 83' lang='lat' dir='ltr'><strong>etiarn</strong></span> <span class='ocrx_word' id='word_1_166' title='bbox 821 3150 974 3214; x_wconf 89' lang='lat' dir='ltr'><strong>aliarum</strong></span> <span class='ocrx_word' id='word_1_167' title='bbox 1008 3150 1181 3231; x_wconf 85' lang='lat' dir='ltr'><strong>gentium,</strong></span> 
     </span>
     <span class='ocr_line' id='line_1_28' title="bbox 75 3254 1183 3339; baseline 0.004 -25"><span class='ocrx_word' id='word_1_168' title='bbox 75 3266 141 3319; x_wconf 87' lang='lat' dir='ltr'><strong>cnm</strong></span> <span class='ocrx_word' id='word_1_169' title='bbox 155 3256 285 3339; x_wconf 90' lang='lat' dir='ltr'><strong>quibus</strong></span> <span class='ocrx_word' id='word_1_170' title='bbox 302 3255 389 3318; x_wconf 91' lang='lat' dir='ltr'><strong>illae</strong></span> <span class='ocrx_word' id='word_1_171' title='bbox 406 3255 616 3338; x_wconf 86' lang='lat' dir='ltr'><strong>specialiter</strong></span> <span class='ocrx_word' id='word_1_172' title='bbox 629 3255 859 3337; x_wconf 77' lang='lat' dir='ltr'><strong>copulantur,</strong></span> <span class='ocrx_word' id='word_1_173' title='bbox 877 3254 928 3318; x_wconf 90' lang='lat' dir='ltr'><strong>uti</strong></span> <span class='ocrx_word' id='word_1_174' title='bbox 953 3255 1130 3335; x_wconf 87' lang='lat' dir='ltr'><strong>contingit</strong></span> <span class='ocrx_word' id='word_1_175' title='bbox 1146 3255 1183 3318; x_wconf 90' lang='lat' dir='ltr'><strong>in</strong></span> 
     </span>
     <span class='ocr_line' id='line_1_29' title="bbox 75 3359 1181 3444; baseline 0.005 -26"><span class='ocrx_word' id='word_1_176' title='bbox 75 3359 186 3427; x_wconf 87' lang='lat' dir='ltr'><strong>ordine</strong></span> <span class='ocrx_word' id='word_1_177' title='bbox 203 3362 381 3440; x_wconf 73' lang='lat' dir='ltr'><strong>auteriori,</strong></span> <span class='ocrx_word' id='word_1_178' title='bbox 400 3362 544 3444; x_wconf 90' lang='lat' dir='ltr'><strong>quando</strong></span> <span class='ocrx_word' id='word_1_179' title='bbox 563 3377 637 3424; x_wconf 80' lang='lat' dir='ltr'><strong>una</strong></span> <span class='ocrx_word' id='word_1_180' title='bbox 651 3362 859 3443; x_wconf 90' lang='lat' dir='ltr'><strong>respublica</strong></span> <span class='ocrx_word' id='word_1_181' title='bbox 876 3361 1008 3423; x_wconf 89' lang='lat' dir='ltr'><strong>amittit</strong></span> <span class='ocrx_word' id='word_1_182' title='bbox 1037 3361 1096 3424; x_wconf 90' lang='lat' dir='ltr'><strong>vel</strong></span> <span class='ocrx_word' id='word_1_183' title='bbox 1122 3379 1181 3424; x_wconf 92' lang='lat' dir='ltr'><strong>no·</strong></span> 
     </span>
     <span class='ocr_line' id='line_1_30' title="bbox 73 3465 1182 3550; baseline 0.006 -26"><span class='ocrx_word' id='word_1_184' title='bbox 73 3465 210 3533; x_wconf 88' lang='lat' dir='ltr'><strong>tabilem</strong></span> <span class='ocrx_word' id='word_1_185' title='bbox 227 3469 283 3532; x_wconf 88' lang='lat' dir='ltr'><strong>sui</strong></span> <span class='ocrx_word' id='word_1_186' title='bbox 298 3468 475 3532; x_wconf 89' lang='lat' dir='ltr'><strong>territorii</strong></span> <span class='ocrx_word' id='word_1_187' title='bbox 493 3475 647 3550; x_wconf 88' lang='lat' dir='ltr'><strong>partem,</strong></span> <span class='ocrx_word' id='word_1_188' title='bbox 664 3469 723 3532; x_wconf 89' lang='lat' dir='ltr'><strong>vel</strong></span> <span class='ocrx_word' id='word_1_189' title='bbox 739 3467 924 3550; x_wconf 89' lang='lat' dir='ltr'><strong>propriam</strong></span> <span class='ocrx_word' id='word_1_190' title='bbox 939 3467 1182 3548; x_wconf 90' lang='lat' dir='ltr'><strong>independen-</strong></span> 
     </span>
     <span class='ocr_line' id='line_1_31' title="bbox 74 3569 1184 3656; baseline 0.007 -26"><span class='ocrx_word' id='word_1_191' title='bbox 74 3569 202 3638; x_wconf 89' lang='lat' dir='ltr'><strong>tiamin</strong></span> <span class='ocrx_word' id='word_1_192' title='bbox 229 3574 398 3638; x_wconf 84' lang='lat' dir='ltr'><strong>levorem</strong></span> <span class='ocrx_word' id='word_1_193' title='bbox 430 3573 581 3638; x_wconf 85' lang='lat' dir='ltr'><strong>alterius</strong></span> <span class='ocrx_word' id='word_1_194' title='bbox 614 3575 746 3656; x_wconf 87' lang='lat' dir='ltr'><strong>gentis,</strong></span> <span class='ocrx_word' id='word_1_195' title='bbox 779 3579 815 3637; x_wconf 89' lang='lat' dir='ltr'><strong>et</strong></span> <span class='ocrx_word' id='word_1_196' title='bbox 846 3589 927 3637; x_wconf 90' lang='lat' dir='ltr'><strong>cum</strong></span> <span class='ocrx_word' id='word_1_197' title='bbox 955 3579 1184 3638; x_wconf 86' lang='lat' dir='ltr'><strong>caeterarum</strong></span> 
     </span>
     <span class='ocr_line' id='line_1_32' title="bbox 75 3671 1184 3762; baseline 0.006 -25"><span class='ocrx_word' id='word_1_198' title='bbox 75 3671 292 3762; x_wconf 89' lang='lat' dir='ltr'><strong>detrimento;</strong></span> <span class='ocrx_word' id='word_1_199' title='bbox 312 3679 432 3762; x_wconf 88' lang='lat' dir='ltr'><strong>quoad</strong></span> <span class='ocrx_word' id='word_1_200' title='bbox 448 3678 610 3744; x_wconf 88' lang='lat' dir='ltr'><strong>ordinem</strong></span> <span class='ocrx_word' id='word_1_201' title='bbox 628 3687 750 3744; x_wconf 89' lang='lat' dir='ltr'><strong>autem</strong></span> <span class='ocrx_word' id='word_1_202' title='bbox 765 3681 977 3760; x_wconf 80' lang='lat' dir='ltr'><strong>interiorem,</strong></span> <span class='ocrx_word' id='word_1_203' title='bbox 996 3679 1027 3742; x_wconf 89' lang='lat' dir='ltr'><strong>si</strong></span> <span class='ocrx_word' id='word_1_204' title='bbox 1043 3683 1184 3761; x_wconf 88' lang='lat' dir='ltr'><strong>pertur-</strong></span> 
     </span>
     <span class='ocr_line' id='line_1_33' title="bbox 76 3780 1185 3868; baseline 0.005 -23"><span class='ocrx_word' id='word_1_205' title='bbox 76 3780 227 3853; x_wconf 88' lang='lat' dir='ltr'><strong>bationes</strong></span> <span class='ocrx_word' id='word_1_206' title='bbox 245 3794 282 3852; x_wconf 93' lang='lat' dir='ltr'><strong>et</strong></span> <span class='ocrx_word' id='word_1_207' title='bbox 299 3786 521 3852; x_wconf 87' lang='lat' dir='ltr'><strong>domesticae</strong></span> <span class='ocrx_word' id='word_1_208' title='bbox 551 3787 792 3851; x_wconf 84' lang='lat' dir='ltr'><strong>dissentiones</strong></span> <span class='ocrx_word' id='word_1_209' title='bbox 816 3786 854 3850; x_wconf 91' lang='lat' dir='ltr'><strong>in</strong></span> <span class='ocrx_word' id='word_1_210' title='bbox 882 3785 1006 3868; x_wconf 90' lang='lat' dir='ltr'><strong>aliqua</strong></span> <span class='ocrx_word' id='word_1_211' title='bbox 1034 3786 1185 3850; x_wconf 85' lang='lat' dir='ltr'><strong>natione</strong></span> 
     </span>
     <span class='ocr_line' id='line_1_34' title="bbox 79 3889 1184 3976; baseline 0.005 -25"><span class='ocrx_word' id='word_1_212' title='bbox 79 3889 286 3976; x_wconf 86' lang='lat' dir='ltr'><strong>oboriantur,</strong></span> <span class='ocrx_word' id='word_1_213' title='bbox 321 3893 739 3976; x_wconf 85' lang='lat' dir='ltr'><strong>itautreliquoeetatue</strong></span> <span class='ocrx_word' id='word_1_214' title='bbox 772 3891 921 3957; x_wconf 84' lang='lat' dir='ltr'><strong>allicere</strong></span> <span class='ocrx_word' id='word_1_215' title='bbox 952 3895 1100 3974; x_wconf 87' lang='lat' dir='ltr'><strong>queant:</strong></span> <span class='ocrx_word' id='word_1_216' title='bbox 1131 3890 1184 3956; x_wconf 62' lang='lat'><strong>25³</strong></span> 
     </span>
     <span class='ocr_line' id='line_1_35' title="bbox 74 3997 1185 4085; baseline 0.004 -25"><span class='ocrx_word' id='word_1_217' title='bbox 74 3999 236 4085; x_wconf 59' lang='lat' dir='ltr'><strong>adempto</strong></span> <span class='ocrx_word' id='word_1_218' title='bbox 251 4001 476 4081; x_wconf 65' lang='lat' dir='ltr'><strong>socialitate,-</strong></span> <span class='ocrx_word' id='word_1_219' title='bbox 493 3998 671 4082; x_wconf 87' lang='lat' dir='ltr'><strong>ejusmodi</strong></span> <span class='ocrx_word' id='word_1_220' title='bbox 703 3999 838 4083; x_wconf 90' lang='lat' dir='ltr'><strong>quippe</strong></span> <span class='ocrx_word' id='word_1_221' title='bbox 869 3998 1045 4063; x_wconf 88' lang='lat' dir='ltr'><strong>instinctu</strong></span> <span class='ocrx_word' id='word_1_222' title='bbox 1077 3997 1185 4064; x_wconf 89' lang='lat' dir='ltr'><strong>homo</strong></span> 
     </span>
     <span class='ocr_line' id='line_1_36' title="bbox 80 4103 1184 4187; baseline 0.006 -25"><span class='ocrx_word' id='word_1_223' title='bbox 80 4103 252 4172; x_wconf 90' lang='lat' dir='ltr'><strong>ordinatur</strong></span> <span class='ocrx_word' id='word_1_224' title='bbox 268 4111 305 4172; x_wconf 89' lang='lat' dir='ltr'><strong>ot</strong></span> <span class='ocrx_word' id='word_1_225' title='bbox 320 4106 494 4171; x_wconf 89' lang='lat' dir='ltr'><strong>incitatur</strong></span> <span class='ocrx_word' id='word_1_226' title='bbox 511 4105 557 4170; x_wconf 91' lang='lat' dir='ltr'><strong>ad</strong></span> <span class='ocrx_word' id='word_1_227' title='bbox 586 4105 799 4170; x_wconf 85' lang='lat' dir='ltr'><strong>societatem</strong></span> <span class='ocrx_word' id='word_1_228' title='bbox 818 4105 1075 4187; x_wconf 87' lang='lat' dir='ltr'><strong>universalem,</strong></span> <span class='ocrx_word' id='word_1_229' title='bbox 1103 4121 1184 4170; x_wconf 89' lang='lat' dir='ltr'><strong>cum</strong></span> 
     </span>
     <span class='ocr_line' id='line_1_37' title="bbox 79 4205 1187 4296; baseline 0.003 -23"><span class='ocrx_word' id='word_1_230' title='bbox 79 4205 148 4289; x_wconf 88' lang='lat' dir='ltr'><strong>ipsa</strong></span> <span class='ocrx_word' id='word_1_231' title='bbox 162 4220 292 4280; x_wconf 86' lang='lat' dir='ltr'><strong>natura</strong></span> <span class='ocrx_word' id='word_1_232' title='bbox 307 4213 461 4278; x_wconf 89' lang='lat' dir='ltr'><strong>inclinat</strong></span> <span class='ocrx_word' id='word_1_233' title='bbox 477 4230 550 4278; x_wconf 90' lang='lat' dir='ltr'><strong>non</strong></span> <span class='ocrx_word' id='word_1_234' title='bbox 567 4212 673 4278; x_wconf 88' lang='lat' dir='ltr'><strong>modo</strong></span> <span class='ocrx_word' id='word_1_235' title='bbox 706 4211 753 4276; x_wconf 87' lang='lat' dir='ltr'><strong>ad</strong></span> <span class='ocrx_word' id='word_1_236' title='bbox 768 4229 946 4296; x_wconf 88' lang='lat' dir='ltr'><strong>personas</strong></span> <span class='ocrx_word' id='word_1_237' title='bbox 963 4213 1058 4278; x_wconf 90' lang='lat' dir='ltr'><strong>inter</strong></span> <span class='ocrx_word' id='word_1_238' title='bbox 1073 4231 1127 4296; x_wconf 86' lang='lat' dir='ltr'><strong>se,</strong></span> <span class='ocrx_word' id='word_1_239' title='bbox 1145 4217 1187 4276; x_wconf 89' lang='lat' dir='ltr'><strong>ut</strong></span> 
     </span>
    </p>
   </div>
   <div class='ocr_carea' id='block_1_3' title="bbox 0 0 1525 4992">
    <p class='ocr_par' dir='ltr' id='par_1_6' title="bbox 0 0 1525 4992">
     <span class='ocr_line' id='line_1_38' title="bbox 0 0 1525 4992; baseline 0 0"><span class='ocrx_word' id='word_1_240' title='bbox 0 0 1525 4992; x_wconf 95' lang='lat' dir='ltr'><strong> </strong></span> 
     </span>
    </p>
   </div>
  </div>
 </body>
</html>
