3062 4994
796 383 975 444 ...1ss4-

324 525 426 591 dicta
442 527 588 591 iurarunt
599 523 660 611 (1).
679 525 880 610 Postremo,
899 545 945 593 ne
961 529 1146 610 longiores
1160 530 1284 613 simus,
1304 548 1386 597 cum
1405 533 1459 598 de
1518 527 1519 546 ¹

325 650 366 698 re
390 632 488 716 apud
499 633 652 715 jnristas
669 633 779 716 plane
807 640 996 718 comperta
1012 641 1158 720 agatur,
1178 637 1275 702 bona
1293 636 1460 704 clerico·
1518 665 1519 672 ¹

326 757 405 804 rum
438 739 499 804 vel
531 739 803 823 Monacborum,
834 743 908 826 qui,
943 743 1052 807 nullis
1082 743 1255 825 legitimis
1286 743 1454 810 baeredi-

325 845 392 912 bus
419 847 570 928 relictis,
595 847 758 912 intestati
786 847 1041 932 decessissent,
1067 849 1372 917 adscribebantur
1389 853 1459 918 vel
1518 929 1519 934 ,

326 953 618 1018 devolvebantur
649 953 837 1020 Ecclesiae
866 957 926 1022 vel
958 955 1192 1038 Monasterio,
1223 957 1282 1022 cui
1313 957 1459 1024 addicti
1518 969 1519 1008 ff

327 1067 433 1128 erant
449 1060 510 1142 (2).

416 1187 735 1271 Supervacaneum
766 1189 870 1254 nobis
898 1188 1043 1253 videtur
1076 1187 1285 1252 testimonia
1317 1205 1364 1253 ex
1397 1205 1459 1252 re·
1518 1225 1519 1242 ι

327 1295 548 1360 centioribus
573 1291 765 1360 (lodicibus
792 1294 1008 1378 deprompta
1032 1295 1212 1376 proferre,
1232 1293 1367 1376 quippe
1393 1311 1460 1360 res
1518 1299 1519 1388 l

328 1403 472 1466 omnino
486 1398 679 1482 explorata
691 1399 845 1464 babetur
858 1399 1126 1482 legislationem
1139 1405 1351 1464 cunctarum
1364 1416 1455 1481 gen·
1518 1401 1519 1474 ᾗ

273 1551 278 1563 .
327 1507 414 1571 tium
433 1509 515 1588 post
538 1505 843 1570 christianismum
861 1505 1044 1570 conditam
1063 1505 1194 1589 quavis
1211 1510 1346 1587 aetate,
1365 1524 1457 1588 quo·
1518 1501 1519 1584 Ϊ

327 1613 417 1678 libet
434 1613 514 1676 loco
533 1618 569 1675 et
596 1628 823 1695 quacumque
847 1612 996 1676 natione
1020 1612 1080 1694 jus
1109 1610 1310 1692 legitimum
1328 1613 1459 1694 acqui·

328 1717 432 1786 rendi
456 1717 643 1782 Ecclesiae
671 1719 879 1800 agnovisse,
899 1717 1107 1783 vindicasse
1136 1725 1174 1783 et
1200 1735 1458 1800 consecrasse,

328 1826 438 1890 etiam
466 1823 522 1888 bis
549 1825 757 1888 novissimis
785 1825 1019 1906 temporibus,
1051 1825 1087 1888 in
1116 1823 1245 1907 qulbus
1272 1824 1460 1890 adversus

328 1953 452 2000 maaca
474 1939 629 1998 mortuas
657 1935 797 1996 tantum
826 1931 1069 1996 declamatum
1094 1938 1161 2013 est,
1181 1939 1292 2016 atque
1319 1935 1375 1996 tot
1392 1949 1459 1996 ne-

330 2040 526 2124 quissimae
559 2039 896 2104 desumortizationla
925 2039 1187 2118 (incautacidnl)
1219 2038 1321 2120 leges
1352 2037 1461 2103 latae

328 2149 444 2230 luere,
462 2151 555 2211 teste
587 2145 771 2228 locuplete
797 2153 922 2210 nostra
955 2145 1146 2229 Hispania,
1165 2145 1238 2226 ubi,
1257 2149 1459 2228 postquam

327 2255 494 2320 Ecclesia
510 2253 583 2318 suis
596 2253 699 2318 bonis
716 2260 826 2337 atque
843 2253 980 2318 divitiis
993 2254 1194 2336 justissimo
1209 2253 1313 2317 titulo
1328 2255 1456 2336 acqui·
1518 2297 1519 2340 ,

327 2363 406 2430 sitis
425 2379 572 2445 prorsus
590 2361 779 2443 expoliata
801 2361 882 2442 fuit,
901 2359 1061 2442 tandem,
1080 2378 1162 2426 cum
1186 2358 1276 2425 nibil
1294 2364 1357 2424 aut
1375 2359 1461 2425 iere

328 2469 418 2536 nibil
442 2469 595 2533 haberet
611 2485 681 2550 quo
701 2467 839 2550 privari
856 2468 982 2550 possit,
998 2465 1222 2532 Gubernium
1239 2467 1277 2531 in
1294 2463 1457 2532 Ooncor-

329 2577 414 2642 dato
433 2575 516 2640 1851
532 2575 579 2656 (3)
593 2581 629 2638 et
644 2575 681 2638 in
699 2573 949 2640 conventione
968 2573 1055 2638 1860
1072 2573 1120 2656 (4)
1138 2573 1283 2657 publice
1300 2573 1462 2655 agnovit
1518 2579 1519 2664 l

329 2689 367 2748 et
383 2681 592 2746 solemniter
616 2679 820 2746 declaravit
838 2681 982 2762 plenam
1000 2685 1037 2744 et
1053 2679 1359 2762 independentem
1388 2679 1455 2745 Ec-

331 2789 465 2855 clesiae
482 2787 696 2851 facultatem
720 2788 945 2870 acquirendi,
965 2786 1145 2852 retinendi
1170 2791 1208 2851 et
1225 2786 1457 2852 usufruendi.
1518 2789 1519 2872 l

418 2893 473 2957 94.
521 2891 592 2957 Sed
615 2893 692 2974 jam
716 2893 763 2958 ad
780 2893 977 2958 secundam
1002 2893 1255 2976 probationem
1279 2893 1456 2958 devenia-
1518 2883 1519 2972 ξ

330 3019 421 3082 mus,
441 2999 625 3080 videlicet,
644 2999 833 3092 adsacrum
850 3000 1074 3065 luculentum
1092 3005 1202 3083 atque
1215 3001 1460 3066 ineluctabile

330 3111 439 3192 longo
468 3106 697 3172 saeculorum
720 3109 839 3170 tractu
868 3107 1156 3190 comprobatum,
1182 3107 1278 3191 qnod
1306 3107 1458 3190 quidem

331 3282 517 3295 afl--n-

401 3429 438 3490 (1)
474 3426 539 3493 Lag.
554 3427 588 3478 20
601 3423 669 3478 Cod.
681 3423 788 3478 Theod.
801 3421 1019 3492 chopoaomm
1033 3423 1139 3494 Socraf.
1149 3430 1179 3478 et
1194 3423 1292 3494 Taspa
1302 3429 1332 3479 et
1341 3423 1414 3495 Leg.
1423 3431 1458 3480 52
1518 3419 1519 3466 l

331 3498 401 3552 (lod.
414 3497 446 3550 dc
458 3495 620 3550 Haereticis.
1518 3467 1519 3528 l

402 3572 439 3633 (a)
478 3569 541 3634 neg.
555 3570 589 3620 ao
602 3567 670 3620 coc.
683 3563 715 3618 ue
728 3561 877 3632 spelpes.
1518 3549 1519 3634 l

403 3643 440 3704 (8)
476 3640 535 3692 Art
549 3638 623 3691 XLI:
641 3638 783 3690 «Ecclesia
797 3638 914 3703 insuper
925 3635 972 3702 ius
983 3635 1104 3690 habebit
1116 3651 1207 3692 novas
1220 3637 1348 3704 legitimo
1366 3639 1458 3704 quoli—
1518 3651 1519 3714 ,

333 3710 382 3764 bet
398 3711 482 3762 titulo
495 3709 658 3776 acquirendi
672 3709 878 3776 possessiones,
891 3709 1011 3775 ejusque
1019 3710 1178 3777 proprietas
1191 3711 1219 3761 ln
1233 3708 1370 3762 omnibus
1381 3725 1461 3776 quae
1518 3753 1519 3774 ἶ

331 3797 409 3834 nunc
432 3781 568 3846 possidet,
587 3782 632 3834 vel
651 3781 681 3832 in
694 3783 838 3846 posterum
855 3780 990 3844 acquiret,
1009 3779 1183 3833 inviolabilis
1200 3781 1368 3832 solemniter
1392 3783 1457 3834 erit
1518 3777 1519 3856 l

334 3853 454 3907 Proinde
466 3851 560 3918 quoad
572 3855 706 3917 antiquas
727 3865 873 3917 novasque
885 3851 1093 3905 ecclesiasticas
1112 3851 1297 3906 fraudationes
1315 3851 1396 3904 nulla
1409 3855 1457 3906 vel
1518 3865 1519 3918 l

332 3925 498 3992 suppressio
511 3923 556 3976 vel
568 3923 637 3976 unio
648 3923 709 3974 fieri
723 3923 828 3989 poterit
836 3922 945 3987 absque
957 3923 1121 3976 interventu
1142 3924 1320 3975 auctoritatis
1333 3924 1455 3990 Aposto
1518 3929 1519 3972 l

332 3997 403 4048 licae
417 3994 509 4061 Sedis,
521 3993 610 4048 salvis
628 3991 813 4047 facultatibus
837 4007 853 4044 a
873 3993 959 4047 Sacro
971 3993 1137 4048 Tridentino
1155 3991 1283 4048 Concilio
1302 3993 1460 4062 Episcopis

332 4065 474 4120 tributis».
1518 4079 1519 4110 l

402 4139 440 4202 (t)
476 4138 535 4188 Art.
550 4135 600 4189 111:
617 4135 803 4202 ‹Agnoscitur
821 4136 922 4187 lterum
941 4140 1027 4202 atque
1046 4134 1203 4188 formaliter
1220 4131 1341 4187 liberum
1355 4139 1386 4189 et
1398 4137 1447 4203 ple
1518 4139 1519 4206 l

332 4222 401 4260 num
425 4209 472 4274 jus
493 4208 637 4260 Ecclesiae
655 4205 691 4259 ad
711 4205 922 4272 acquirendum,
934 4207 1125 4273 retinendum,
1139 4205 1347 4258 usufruendum
1367 4208 1460 4274 pleno
1518 4219 1519 4264 1

333 4281 515 4346 proprietatis
527 4279 611 4332 titulo
624 4277 687 4330 sine
700 4278 878 4345 limitatione,
891 4278 1110 4332 restriccioneve
1124 4277 1208 4332 ullas.
1518 4275 1519 4282 ’
