3038 4994
506 335 733 428 quea-

100 509 196 576 sibilis
212 515 248 576 et
259 511 526 593 irrevocabilis,
544 529 663 596 nequo
681 511 928 594 Imperatores
955 513 1107 580 Romani
1122 531 1204 598 spe·

100 619 177 682 utari
192 622 363 700 poterant
380 618 483 683 velut
499 618 686 701 Principes
700 619 861 701 supremi
878 619 1013 684 Romae
1031 626 1067 684 et
1083 620 1205 685 Ponti·

32 765 33 768 ,
99 723 187 790 liciae
202 725 362 806 ditionis;
378 725 513 808 qnippe
530 726 611 790 veri
625 733 661 790 et
685 727 845 807 supremi
862 726 1048 808 Principes
1066 731 1139 790 tam
1166 728 1206 792 in

100 831 182 896 Urbe
198 849 306 914 quam
323 833 361 896 in
373 831 542 897 dominiis
558 831 716 898 Sanctae
733 831 836 898 Sedis
849 833 996 898 fuerunt
1008 833 1106 898 Petri
1120 832 1204 897 Suc·

26 1024 27 1029 ἵ
100 954 258 1019 cessores3
277 937 410 1003 exinde
428 939 663 1020 magistratus
681 943 718 1004 et
734 940 914 1022 primores
945 940 1071 1022 populi
1087 956 1205 1004 roma·

25 1124 27 1127 Ι
99 1045 138 1125 ni,
155 1063 231 1110 cum
248 1045 462 1110 fidelitatem
478 1045 767 1128 Imperatoribus
777 1047 957 1128 jurarent,
983 1046 1136 1110 solemni
1149 1046 1201 1126 jn·

22 1240 25 1241 ⁷
97 1155 246 1216 ramento
263 1151 491 1216 notissimam
507 1153 702 1218 formulam
719 1152 915 1218 addebant:
930 1152 1028 1218 aalno
1038 1154 1206 1240 fidelitate

90 1259 340 1344 jompromiaao
356 1259 507 1324 Domino
523 1260 678 1344 Papae,.

26 1374 27 1379 ’
173 1365 246 1429 164.
294 1364 588 1431 Eutratimitotm.
638 1365 751 1430 Nobis
764 1369 932 1446 superest
944 1365 1082 1446 aliquid
1097 1365 1205 1430 levis-

30 1461 31 1464 ’
97 1471 173 1535 sime
184 1473 334 1536 innuere
352 1470 396 1535 de
416 1471 556 1553 magnis
570 1471 744 1536 abusibus
762 1477 797 1534 et
809 1473 931 1536 saevis
944 1471 1129 1536 violentiis
1147 1489 1204 1535 oc·

23 1574 27 1613 ss
97 1578 228 1642 cesione
259 1577 363 1644 Sacri
396 1579 546 1644 Romani
564 1579 710 1662 imperii
727 1577 904 1644 adversus
921 1577 1123 1642 Ecclesiam
1139 1576 1205 1644 Ro·

27 1677 29 1754 ῗ
96 1701 280 1767 manusque
296 1684 491 1750 Pontifices
509 1687 678 1767 patratis,
715 1702 810 1766 quae
843 1684 988 1766 quidem
1019 1684 1206 1748 inauditae

22 1876 24 1879 Ι
95 1792 423 1856 extralimitationes
441 1792 640 1874 aliquando
666 1799 865 1873 coegerunt
890 1789 1023 1856 Christi
1040 1789 1208 1855 Vioarios

96 1896 138 1960 ad
151 1897 391 1980 Imperatores
410 1896 631 1964 Germaniae
649 1899 875 1990 depositione
892 1899 1106 1982 puniendos,
1125 1917 1206 1980 gra·
1294 1921 1298 1927 ·

96 2003 141 2066 tia
155 2004 405 2086 compescendi
440 2005 616 2069 effrenem
635 2021 758 2068 eorum
788 2003 980 2072 audaciam
997 2005 1205 2086 superbam·

96 2126 156 2190 que
172 2109 304 2192 agendi
320 2111 510 2176 rationem.
546 2109 754 2191 Enimvero,
770 2128 894 2174 omnes
922 2111 984 2193 qui
1000 2111 1037 2174 in
1053 2110 1207 2174 historia

97 2215 316 2281 mediocriter
343 2217 484 2281 versati
512 2218 596 2296 sint,
631 2217 740 2281 fateri
767 2221 937 2281 tenentur
961 2217 1207 2298 Imperatores

96 2320 263 2388 Romanos
281 2328 407 2388 aetate
425 2323 544 2387 media
561 2323 774 2404 frequenter
791 2328 827 2388 et
839 2324 978 2405 regiam
991 2322 1206 2402 dignitatem

96 2437 321 2512 praepostera
339 2430 600 2511 interpretatos
619 2446 712 2509 esse,
732 2435 767 2494 et
785 2447 934 2492 munere
957 2428 1137 2510 imperiali
1153 2429 1205 2510 ip·

96 2535 136 2599 sis
147 2554 209 2618 per
225 2536 420 2602 Pontifices
433 2552 611 2618 generose
625 2535 759 2599 collato
775 2535 989 2617 protegendi
1003 2534 1207 2599 Ecclesiam

97 2641 174 2706 alias
190 2643 356 2724 abusive,
378 2643 472 2706 alias
488 2659 578 2706 vero
597 2642 707 2706 etiam
725 2641 848 2724 inique
865 2646 902 2705 et
926 2641 1099 2723 injuriose
1127 2641 1205 2704 fun·

17 2735 21 2832 l
97 2749 301 2812 ctosiuisse.

17 2833 21 2924 l
169 2852 297 2934 Quoad
309 2853 441 2938 rapiam
454 2854 670 2938 dipnitatem,
688 2870 731 2916 eo
746 2871 860 2935 nsque
877 2853 1106 2918 devenerunt
1119 2853 1206 2920 novi

17 2929 19 2974 ¹
95 2957 328 3044 Imperatores
346 2958 566 3042 Occidentis,
587 2965 626 3024 ut
658 2961 727 3024 sibi
752 2962 955 3025 tribuerent
972 2967 1203 3043 potestatem,

17 3077 18 3100 ²
96 3070 501 3150 quamlegesromanae
533 3067 692 3149 antiquis
725 3066 1012 3149 Imperatoribns
1045 3068 1205 3131 coniere-

96 3171 182 3257 tant,
200 3176 335 3257 Regem
352 3173 535 3238 feudalem
569 3170 790 3238 Germaniae
823 3191 867 3237 ac
894 3173 1026 3238 Italiae
1053 3188 1207 3236 erronee

17 3327 18 3360 3
97 3287 150 3344 ant
164 3282 342 3346 malitIose
367 3279 631 3344 confundentes
648 3297 730 3345 cum
747 3281 869 3344 veteri
886 3281 1112 3361 Imperatore
1139 3279 1205 3342 Ro·

98 3399 203 3468 mano,
237 3385 422 3469 principes
455 3385 649 3450 inferiores
668 3385 891 3450 etoivitates
923 3386 1058 3448 liberas
1091 3385 1206 3448 neuti-

17 3535 19 3576 3
98 3505 193 3570 quam
220 3500 455 3574 agnoscente
482 3493 547 3575 sic,
566 3510 625 3558 ex.
646 3511 702 3576 gr.
737 3494 903 3558 videmus
933 3491 1157 3555 Fridericum
1190 3491 1207 3556 I

17 3605 19 3676 ξ
97 3595 353 3680 Aenobardum,
372 3605 613 3681 cognomento
632 3601 891 3682 Romanensem,
910 3600 948 3663 in
967 3597 1130 3664 Comitiis
1147 3616 1206 3680 ge·

98 3705 269 3769 neralibus
285 3705 483 3770 Roncaliae
501 3705 636 3770 habitis
651 3705 820 3770 (iudicem
834 3706 1127 3771 Iustinianaeum
1142 3723 1209 3787 pro

98 3821 132 3870 se
142 3811 281 3894 suisque
291 3812 435 3893 jnribus
451 3813 628 3876 invocare
646 3829 727 3876 asse
744 3831 885 3878 ausum.
1039 3877 1042 3883 ,

175 3916 299 3999 Quoad
308 3926 583 4004 protectorutum
601 3919 803 3998 Ecclesiae,
821 3919 1068 4002 Imperatores
1082 3915 1207 3983 Roma-

100 4019 132 4083 ni
146 4025 247 4090 medii
264 4027 349 4092 aovi
366 4027 544 4108 eJusmodi
562 4031 795 4108 patronatum
827 4032 867 4090 ut
900 4027 1094 4109 plurimum
1127 4043 1206 4107 spe·

100 4132 190 4194 ctare
204 4140 445 4198 assueverunt
460 4152 534 4198 non
552 4139 591 4197 ut
608 4151 736 4198 munus
753 4133 1040 4198 sacratissimum
1073 4135 1110 4196 et
1136 4133 1206 4216 pri·

100 4231 258 4318 vilegium
303 4237 623 4304 honoratissimum
672 4239 761 4321 ipsis
803 4239 977 4320 largitate
1020 4239 1209 4321 pontificia
