3062 4994
749 394 927 452 -102-

281 543 361 602 stae
378 539 540 617 audiunt,
559 555 673 602 saeva
690 537 889 618 cupiditate
921 537 1021 602 ducti
1043 538 1226 602 blaterare
1244 537 1412 601 assolent

282 645 487 726 praefatam
507 661 654 726 operum
689 645 929 708 cessationem
957 643 1112 726 populos
1136 643 1410 726 depauperare,

283 749 417 814 damna
444 750 661 832 temporalia
676 749 802 813 iisdem
836 749 1044 832 irrogando,
1072 767 1287 832 progressus
1304 749 1408 814 indu·

283 839 398 920 striae
409 873 453 920 ac
470 857 641 920 comercii
669 855 901 938 retardando,
927 862 1038 938 atque
1065 856 1196 920 saltem
1213 857 1411 937 septimam

283 975 424 1046 partem
443 965 533 1028 lucri
548 965 731 1046 possibilis
751 963 993 1046 impediendo.
1012 963 1095 1028 Jam
1113 981 1213 1045 varo,
1228 963 1415 1045 plurimae

285 1071 444 1134 rationes
462 1069 648 1134 Ecclesiae
666 1077 864 1152 suppetunt
876 1087 941 1152 pro
956 1070 1177 1134 vindicanda
1196 1071 1266 1133 sibi
1285 1069 1410 1133 exclu-

285 1177 366 1240 siva
384 1177 559 1240 facultate
576 1197 598 1240 a
616 1177 782 1240 fidelibus
794 1177 964 1260 exigendi
977 1177 1189 1258 negativam
1202 1176 1410 1240 sanctifica-

287 1283 434 1346 tionem:
454 1283 484 1362 ⁸)
503 1283 678 1364 aequitati
695 1291 732 1346 et
748 1283 976 1346 naturalibus
992 1283 1122 1346 officiis
1140 1300 1338 1346 consonum
1354 1289 1417 1345 est

286 1389 443 1453 animum
463 1407 528 1472 per
545 1407 695 1470 operum
711 1390 984 1472 suspensionem
1001 1409 1022 1452 a
1037 1390 1134 1454 curis
1158 1389 1415 1453 saecularibus

287 1511 442 1560 vacuum
457 1497 633 1560 coelestia
649 1495 833 1580 inquirere
850 1513 894 1560 ac
922 1497 1140 1578 recogitare;
1158 1501 1195 1559 et
1212 1513 1285 1558 non
1303 1493 1415 1571 modo

286 1602 476 1666 incruento
494 1601 678 1666 Sacrificio
695 1601 837 1682 adesse,
853 1619 978 1666 verum
994 1603 1105 1667 etiam
1120 1601 1276 1666 caeteris
1294 1599 1417 1664 sacris

286 1703 532 1772 functionibus
558 1707 748 1790 adsistere,
767 1709 982 1790 praesertim
1012 1709 1117 1773 verbi
1133 1707 1202 1772 Dei
1221 1707 1413 1790 praedica·

287 1813 389 1890 tioni,
411 1821 450 1876 ut
466 1815 516 1876 ita
534 1813 685 1896 quisque
716 1815 974 1896 obligationem
994 1813 1194 1895 adimpleat
1211 1829 1413 1896 procuran-

287 1917 323 1982 di
340 1919 409 1982 sibi
426 1921 702 1984 instructionem
734 1921 941 2002 religiosam
960 1937 1003 1984 ac
1021 1921 1209 2000 moralem,
1239 1921 1413 1984 fructum·

289 2041 359 2106 que
376 2026 560 2108 copiosum
578 2044 625 2090 ex
653 2027 734 2109 ipsa
750 2025 932 2110 capiendi;
950 2024 989 2105 b)
1009 2027 1155 2090 vacatio
1175 2027 1221 2089 ab
1238 2025 1419 2106 operibus

288 2133 519 2213 gravioribus
553 2139 590 2196 et
621 2133 825 2198 forensibus
858 2133 978 2214 palam
1010 2132 1168 2196 ostendit
1197 2133 1415 2196 societatem

291 2240 453 2304 sedulam
471 2257 595 2302 curam
613 2239 822 2321 impendere
836 2239 903 2303 Dei
919 2239 1045 2315 cultui,
1061 2241 1118 2302 cui
1133 2257 1219 2321 pars
1237 2237 1420 2318 temporis

288 2347 477 2410 exclusive
508 2345 769 2426 dedicatur;⁰)
803 2347 1028 2428 quiescentia
1068 2345 1206 2410 dierum
1237 2345 1419 2408 festorum

289 2453 438 2533 insuper
459 2453 667 2516 necessaria
686 2453 830 2516 omnino
849 2461 903 2516 eat
921 2469 986 2534 pro
1002 2451 1134 2516 virium
1151 2467 1420 2533 corporearum

289 2559 535 2639 reparatione.

381 2661 507 2742 Quoad
534 2683 712 2728 numerum
729 2664 917 2744 festorum,
937 2663 1240 2747 quemadmodum
1269 2661 1415 2744 religio·

146 2763 172 2770 '⁴
226 2767 231 2772 “
289 2785 353 2832 sae
378 2771 588 2834 auctoritati
604 2771 779 2834 incumbit
795 2770 871 2834 dies
898 2771 1011 2835 festos
1025 2771 1227 2849 instituere,
1248 2770 1309 2852 qui
1338 2777 1375 2833 et
1392 2787 1422 2832 a

289 2877 465 2940 societate
482 2877 582 2940 civili
599 2877 825 2941 custodiendi
854 2885 950 2958 sunt,
969 2878 1022 2942 sic
1051 2878 1159 2942 etiam
1178 2877 1224 2940 ad
1242 2877 1417 2959 spiritua-

289 2982 360 3048 lem
391 2982 578 3046 Ecclesiae
607 2989 825 3065 potestatem
843 2989 986 3065 spectat
1010 2984 1206 3066 praefinire
1225 2993 1336 3066 atque
1355 2983 1421 3047 de·

290 3105 442 3154 cernere
459 3105 639 3170 quaenam
657 3095 693 3152 et
710 3095 797 3171 quot
814 3089 908 3154 festa
927 3109 948 3153 a
967 3091 1103 3172 populo
1122 3089 1322 3154 christiano
1339 3107 1422 3154 ser·
1523 3131 1524 3167 ,

290 3196 413 3260 vande
430 3204 548 3260 erunt.

379 3301 507 3382 Quoad
540 3307 707 3366 caeteras
738 3303 957 3387 festivitates,
992 3319 1144 3383 quarum
1177 3302 1426 3366 observantia

290 3425 363 3472 non
381 3417 486 3490 urget
503 3426 549 3472 ex
562 3407 706 3472 formali
723 3406 910 3472 Ecclesiae
928 3415 1139 3490 praecepto,
1155 3408 1323 3488 quamvis
1343 3425 1422 3472 rna·

291 3531 364 3594 gna
381 3515 610 3578 solemnitate
627 3521 666 3578 et'
681 3515 806 3598 populi
829 3515 1036 3598 frequentia
1064 3515 1245 3580 celebrari
1263 3533 1421 3580 consue·

290 3625 408 3699 scant,
427 3637 531 3682 nemo
564 3621 697 3684 infitias
721 3621 787 3684 ibit
814 3639 878 3685 eas
906 3629 1004 3685 recte
1033 3621 1080 3685 ab
1108 3621 1276 3686 Ecclesia
1305 3623 1425 3688 indici

292 3741 413 3807 posse,
433 3733 506 3789 tum
531 3727 615 3807 quia
635 3728 858 3809 justissimae
888 3745 1020 3792 causae
1050 3729 1179 3792 adesse
1197 3729 1326 3793 valent
1350 3747 1427 3812 pro

292 3829 523 3895 instituendis
552 3831 727 3908 ejusmodi
755 3833 1057 3914 solemnitatibus,
1088 3839 1162 3898 tum
1191 3835 1302 3899 etiam
1332 3837 1429 3918 quia

293 3935 413 4000 nullus
430 3935 477 3998 ad
494 3936 593 4016 ipsas
609 3937 812 4002 servandas
830 3938 1083 4021 adstringitur,
1101 3939 1166 4004 sed
1193 3945 1337 4006 tantum
1355 3959 1422 4007 vo·
1520 4019 1521 4054 ,

293 4039 411 4104 lentes
429 4041 473 4103 iis
490 4043 724 4124 participant.

383 4144 510 4224 Quoad
533 4147 652 4214 loram
670 4150 879 4216 celebrandi
897 4151 1103 4216 functiones
1128 4151 1248 4215 cultus
1265 4151 1426 4234 publici,

294 4251 392 4316 illius
407 4250 610 4336 designatio
628 4257 674 4321 ad
688 4255 888 4322 Ecclesiam
904 4273 1047 4339 quoque
1058 4258 1231 4345 pertinet,
1246 4259 1427 4340 quoniam
1519 4265 1520 4284 ²
