3038 4994
689 658 952 728 ARTIOULUS
984 661 1030 728 X.

732 853 980 923 scnnlmnn.

302 1053 362 1104 142.
382 1047 421 1100 a*
434 1052 463 1102 st
476 1053 620 1116 postrema
631 1047 741 1102 Thesis:
763 1045 942 1102 Rmtocrotio
955 1049 1111 1118 imperalis
1122 1047 1240 1104 Soootm
1251 1049 1334 1107 Sedis
1346 1052 1437 1107 domi-
1506 1065 1507 1116 j

373 1118 810 1187 ailreiipionis,j1utitiocatque
831 1119 934 1174 ordinis
945 1121 1054 1175 mcioiis
1075 1122 1299 1190 conprimerent
1313 1125 1437 1192 ideoque
1506 1139 1507 1144 ’

373 1206 388 1242 o
409 1189 522 1244 tandum
542 1193 675 1258 eriptam
686 1189 738 1243 cito
757 1187 881 1244 &omno
894 1189 1022 1260 Pontifici
1041 1193 1151 1248 restitui
1167 1193 1377 1262 patrimonium
1401 1193 1431 1248 S.
1506 1189 1507 1256 i

398 1261 556 1314 etot-lm.
577 1261 764 1315 Probationes
777 1277 814 1314 ex
834 1261 964 1330 reiigione
976 1270 1108 1332 sumptae
1127 1279 1179 1332 pro
1200 1269 1380 1320 necessitate
1392 1268 1436 1320 in·

373 1334 555 1386 staurationis
569 1333 855 1387 adducantur-lli.
878 1339 1053 1398 Argumenta
1060 1333 1185 1402 juridica
1197 1345 1433 1404 exponantur.-
1506 1349 1507 1408 g

376 1407 433 1456 tlt.
453 1404 547 1457 Prima
560 1419 626 1471 pars
640 1404 730 1456 thesis
743 1403 993 1458 observationibus
1005 1407 1114 1459 ordinis
1127 1407 1355 1463 inteuutionolis
1368 1426 1433 1464 con·
1506 1411 1507 1474 ᾗ

373 1476 606 1532 firmatus-lit.
627 1477 729 1528 Utrum
742 1481 840 1528 votum
864 1481 951 1543 atque
972 1477 1085 1544 fiducia,
1104 1494 1223 1545 quorum
1247 1481 1276 1530 in
1296 1481 1435 1534 secunda
1506 1509 1507 1550 q

373 1547 577 1614 propositionis
596 1553 676 1614 parts
695 1548 803 1600 mentio
825 1546 866 1614 iit,
877 1549 936 1601 sint
949 1552 1060 1602 tantum
1082 1551 1184 1603 inutile
1205 1549 1388 1606 desiderium
1402 1557 1434 1606 et

374 1633 448 1674 vana
459 1633 534 1685 spes.

393 1777 468 1843 142.
517 1777 748 1860 Usquemodo
766 1778 811 1844 de
836 1781 988 1862 origine,
1005 1779 1249 1863 legitimitate,
1267 1783 1429 1848 necessi·
1506 1745 1507 1752 ἵ

1506 1791 1507 1850 l

266 1855 270 1864 ¹
302 1887 379 1948 tata
396 1902 441 1949 ac
467 1885 713 1968 perpetuitate
731 1885 910 1950 Pontificii
927 1885 1157 1968 Principatus
1175 1886 1432 1971 disseruimus,

1506 2049 1507 2082 l

1506 2089 1507 2170 l

302 1991 481 2072 reliquum
498 2003 554 2057 est
571 2010 636 2074 pro
664 1991 734 2056 hac
751 1992 1016 2074 disquisitione,
1036 2008 1143 2074 quam
1173 1992 1217 2057 ob
1234 2001 1433 2076 praestan·
1506 1979 1507 2048 l

303 2101 390 2164 tiam
408 2099 462 2166 rei
479 2098 553 2163 late
571 2097 841 2180 explanandam
860 2099 1078 2180 curavimus,
1089 2099 1329 2184 absolvenda,
1340 2119 1430 2166 non·

302 2207 391 2274 nihil
409 2206 571 2271 delibare
588 2206 633 2270 da
660 2205 870 2270 immediata
894 2217 932 2270 et
956 2205 1100 2288 urgenti
1127 2205 1362 2271 restitutione
1380 2207 1425 2271 ci·

302 2313 387 2378 vilis
404 2311 611 2376 dominatus
623 2310 858 2394 spostolicae
875 2310 971 2392 Sodi,
986 2311 1235 2394 maximopere
1248 2317 1433 2396 exoptata

303 2425 340 2484 et
367 2417 547 2483 communi
578 2419 656 2482 fere
684 2419 842 2482 omnium
871 2435 1049 2482 consensu
1081 2418 1323 2500 proclamata;
1356 2437 1430 2502 quo

302 2527 353 2608 fit,
374 2531 412 2589 ut
428 2525 554 2607 populi
570 2525 759 2589 christiani
783 2541 928 2589 sensum
957 2527 1186 2606 mentemque
1209 2529 1283 2588 tum
1301 2525 1426 2590 catho-
1506 2553 1507 2572 κ

302 2633 455 2696 licorum
473 2637 547 2696 tum
565 2632 760 2714 proborum
773 2631 956 2696 hominum
973 2633 1209 2714 interpretari
1227 2632 1325 2696 haud
1342 2633 1430 2697 hae·

302 2739 464 2820 citemus,
483 2745 694 2820 sequentem
720 2739 849 2803 thesim
866 2755 932 2820 pro
965 2739 1138 2802 coronide
1161 2737 1313 2820 hujusce
1333 2739 1425 2804 cele·

302 2845 484 2908 berrimae
501 2845 775 2910 controversiae
800 2849 1015 2908 statuentes:
1037 2845 1259 2910 Restouratio
1275 2845 1430 2911 Sanctae

302 2951 404 3017 Sedis
432 2951 577 3017 dominii
601 2951 790 3036 religionis,
800 2953 964 3037 justitiae
989 2957 1090 3034 atque
1118 2951 1254 3016 ordinis
1281 2951 1429 3017 socialis
1506 2953 1507 3032 ᾖ

302 3059 420 3143 magni
436 3059 591 3138 interest·
607 3058 748 3140 ideoque
772 3058 961 3142 optandum
979 3064 1028 3122 cst
1055 3077 1158 3140 quam
1186 3058 1252 3122 cito
1268 3057 1429 3124 Romano

302 3167 463 3253 Pontifici
477 3165 616 3230 restitui
626 3165 881 3248 patrimonium
897 3163 932 3228 S.
950 3165 1057 3230 Petri.

391 3271 577 3355 Ejusmodi
590 3272 790 3353 propositio
805 3271 894 3334 duas
909 3277 1032 3354 partes
1046 3269 1312 3353 complectitur;
1325 3271 1429 3354 prior
1506 3253 1507 3286 ³

303 3381 558 3446 necessitatem
586 3395 737 3458 regnum
770 3378 973 3458 temporale
1004 3377 1216 3442 Praesulum
1248 3378 1425 3442 Romano·
1506 3365 1507 3446 ἶ

302 3503 382 3552 rum
415 3484 644 3550 instaurandi
676 3483 845 3563 adstruit3
864 3483 983 3548 altera
1011 3484 1110 3566 pium
1139 3490 1263 3548 votum
1293 3503 1338 3549 sc
1369 3485 1428 3548 fir·
1506 3553 1507 3586 ζ

303 3593 501 3657 missimam
517 3590 707 3672 proximae
723 3589 962 3654 restitutionis
978 3607 1080 3672 spem
1098 3591 1281 3672 exprimit.

393 3697 468 3761 143.
518 3694 814 3779 Quamplurimae
830 3697 991 3760 rationes
1007 3701 1206 3778 suppetunt
1233 3715 1300 3780 pro
1326 3697 1426 3762 evin·
1506 3655 1507 3700 ἶ

302 3803 420 3868 canda
448 3803 666 3885 gravissima
694 3809 731 3868 et
747 3804 974 3869 ineluctabili
1003 3805 1224 3870 necessitate
1252 3804 1428 3870 ditionem

302 3909 528 3975 Pontificiam
560 3910 690 3976 iterum
718 3909 992 3993 redintegrandi
1020 3916 1132 3994 atque
1165 3913 1203 3976 in
1233 3913 1424 3994 pristinum

303 4020 437 4080 statum
454 4016 681 4099 restituendi;
700 4017 737 4081 in
764 4017 975 4100 obsequium
992 4017 1172 4082 claritatis
1196 4021 1234 4082 et
1251 4015 1427 4084 brevitati
1506 4029 1507 4058 ³

303 4123 535 4188 consulentes
552 4129 665 4189 totum
682 4125 1034 4207 argumentationem
1052 4125 1099 4189 ad
1115 4125 1322 4190 levissimas
1342 4141 1426 4190 con-

302 4225 544 4294 siderationes
572 4231 765 4317 reiipiosas,
779 4231 961 4318 juridicos
991 4236 1028 4297 et
1054 4233 1343 4300 internatiouolcs
1369 4245 1424 4296 re·
