3028 4992
521 368 699 426 -333-

11 581 12 594 ,
138 511 169 576 ὃ.
217 511 282 576 Jus
310 510 601 576 Interna‘tionale
632 511 895 592 Publicum,de
929 528 998 593 quo
1030 515 1170 576 tentum

11 625 12 634 ’
63 618 152 682 nobis
169 616 351 700 agendum
368 619 449 698 erit,
468 618 623 684 diversis
648 619 852 683 nominibus
878 618 1063 698 designari
1089 635 1170 682 con·

64 725 183 804 suevit3
202 725 420 806 praesertim
437 743 526 788 vero
545 729 715 789 vocatum
734 729 789 788 est
805 723 827 789 J
831 742 871 788 us
904 721 1086 804 Gentium,
1105 723 1127 787 J
1131 741 1171 788 us

63 832 143 895 inter
159 829 310 912 Gentes,
329 830 394 894 Jus
423 831 611 896 Publicum
644 831 856 910 Externum,
891 830 956 893 Jus
985 829 1172 894 Publicum

65 936 269 1019 Europeum,
288 936 310 1000 J
314 955 353 1000 us
371 937 558 1002 Publioum
577 937 835 1016 Christianum,
855 936 875 1000 J
881 955 920 999 us
937 934 1116 1017 Statuam,
1136 940 1174 999 et

64 1044 195 1108 tandem
210 1043 232 1108 J
237 1061 277 1107 us
294 1043 482 1107 Publicum
506 1044 809 1108 Internationale.
837 1043 1065 1125 Inquiramus
1084 1043 1172 1107 levi-

64 1157 109 1213 ter
130 1167 310 1232 quaenam
328 1165 374 1212 ex
392 1149 513 1212 allatis
532 1149 886 1214 denominationibus
912 1149 1174 1230 praeponenda

63 1257 100 1320 sit
116 1264 239 1339 utpote
256 1259 379 1339 aptior
396 1267 432 1321 et
448 1265 603 1323 naturae
619 1259 671 1323 rei
688 1260 804 1340 magis
819 1259 1037 1340 adaequata.

138 1363 295 1426 Primum
315 1363 411 1426 enim
427 1371 674 1445 nuncupatum
704 1364 772 1427 fuit
796 1363 817 1428 J
823 1383 867 1427 us
889 1364 1061 1443 Gentium,
1078 1362 1174 1444 quod
1228 1416 1234 1427 .

63 1469 154 1532 nobis
170 1470 317 1533 videtur
334 1470 449 1533 minus
464 1472 650 1552 proprium
668 1471 914 1552 frequensque
931 1487 1021 1532 ansa
1050 1471 1173 1531 cont'u-

63 1574 174 1653 sionis,
189 1583 265 1638 tum
283 1575 369 1656 quia
387 1573 507 1640 Gentis
543 1575 792 1656 appellatione
823 1575 950 1638 eadem
974 1591 1086 1654 saepe
1113 1589 1173 1635 no·

63 1679 441 1745 tiovenitacnomine
474 1681 649 1762 familiae,
669 1688 705 1744 et
736 1699 802 1743 nos
836 1681 894 1744 hic
929 1697 1020 1745 voce
1055 1679 1175 1762 gentis

63 1787 285 1869 intelligimus
303 1789 484 1870 integram
498 1788 768 1851 civitatemsut
801 1788 985 1851 nationem
1019 1805 1082 1852 seu
1114 1804 1174 1869 po·

65 1893 186 1976 pulum,
206 1904 281 1958 tum
297 1895 407 1958 etiam
422 1895 507 1976 quia
522 1894 619 1976 apud
636 1894 816 1958 Romanos
833 1894 854 1957 J
859 1911 898 1958 us
918 1894 1078 1960 Gentium
1095 1897 1176 1958 erat

65 2001 157 2079 quasi
172 2000 328 2066 medium
347 2001 442 2064 inter
457 2002 516 2080 jtrs
535 2002 704 2064 naturale
723 2006 760 2064 et
792 2000 1000 2082 humanum,
1020 2000 1174 2082 ideoque

66 2108 172 2198 potius
211 2108 411 2172 denotabat
446 2107 627 2190 quoddam
664 2109 724 2189 jus
762 2110 948 2190 privatum
985 2123 1175 2170 commune

66 2213 217 2278 omnibus
236 2214 395 2296 populls,
412 2231 521 2296 quam
531 2215 590 2294 Jus
610 2215 794 2297 publicum
812 2221 954 2278 mutuas
979 2214 1074 2277 inter
1090 2229 1175 2294 gen·

65 2325 112 2383 tes
128 2323 323 2385 relationes
344 2321 517 2402 regelone
536 2321 571 2384 in
585 2339 693 2386 sensu
707 2322 994 2399 internetionali,
1024 2337 1094 2401 quo
1113 2319 1173 2382 ho·

67 2425 117 2490 die
135 2429 325 2510 accipitur.
344 2427 486 2491 Etenim
500 2429 521 2494 J
525 2429 756 2492 urisconsulti
770 2429 921 2491 Romani
934 2427 954 2492 J
959 2445 998 2491 us
1012 2425 1176 2490 dividere

68 2533 224 2598 solebant
241 2534 476 2615 innaturale,
507 2535 616 2599 civile
641 2541 677 2598 et
709 2536 882 2616 gentium3
910 2536 970 2616 Jus
1000 2533 1175 2612 naturale,

67 2640 153 2720 quod
169 2641 213 2704 ab
229 2642 311 2723 ipsa
328 2647 461 2705 natura
477 2641 584 2705 datur
601 2647 710 2724 atque
728 2643 844 2704 brutis
862 2642 970 2704 etiam
988 2638 1176 2702 animanti·

67 2744 125 2809 bus
140 2765 325 2812 commune
343 2755 435 2829 erat3
457 2749 570 2829 civile,
589 2749 685 2830 quod
699 2749 800 2812 civili
817 2752 999 2829 potestate
1015 2746 1176 2810 introdu-

68 2853 159 2936 citur,
170 2863 279 2938 atque
296 2856 431 2920 civium
445 2873 682 2919 romanorum
697 2856 884 2936 proprium
898 2860 1038 2918 tantum
1055 2871 1177 2917 cense-

67 2958 174 3042 batur3
193 2964 357 3048 pontium,
377 2961 473 3043 quod
491 2963 742 3025 commuuione
760 2962 923 3042 gentium
951 2961 1107 3026 habetur
1135 2977 1180 3024 ao

67 3080 180 3132 aarum
194 3087 259 3133 usu
275 3068 469 3149 inducitur,
479 3075 515 3132 et
529 3070 697 3150 quamvis
711 3069 1011 3150 cunctispopulis
1027 3069 1177 3132 exteris·

67 3187 129 3251 que
143 3191 343 3255 commune,
363 3181 488 3257 utpote
509 3181 640 3238 natura
659 3191 779 3238 rerum
812 3179 848 3238 et
866 3175 1011 3256 generis
1031 3174 1178 3236 humani

69 3282 335 3346 necessitatibus
367 3283 545 3363 fulcitum,
563 3282 801 3364 spectabatur
835 3289 958 3345 tamen
989 3280 1091 3344 velut
1119 3280 1180 3361 jus

69 3389 223 3453 naturale
241 3389 428 3470 proprium
453 3389 649 3469 hominum,
682 3389 742 3470 qui
774 3388 917 3450 ratione
949 3387 1180 3468 caeterisque

68 3494 240 3558 attributis
253 3493 434 3559 humanae
448 3501 601 3558 naturae
615 3494 870 3558 essentialibus
881 3493 1053 3574 gaudent,
1070 3496 1180 3573 atque

68 3597 178 3680 utique
194 3601 231 3664 in
249 3599 319 3664 hac
335 3601 550 3683 acceptione
568 3601 808 3665 definiebatur
832 3599 869 3663 in
893 3599 981 3680 ipsis
1006 3599 1182 3663 institutis

67 3697 262 3770 Justiniani:
292 3707 357 3792 jus
387 3709 538 3792 pendium
566 3715 616 3772 cst
649 3727 713 3790 quo
743 3713 857 3791 peotes
887 3705 1057 3771 humanae
1082 3713 1178 3770 atuo-

68 3811 186 3892 tut-(1).

145 3917 223 3982 Hac
239 3918 284 3984 de
298 3935 410 3984 causa
427 3917 549 3983 Zouch
561 3919 796 4000 jnrisperitus
827 3917 984 4000 Angliae
1014 3923 1050 3982 et
1082 3921 1181 3982 ante·

71 4083 216 4102 ἥ--μ-

132 4251 171 4311 tlt
206 4251 276 4308 lusi.
290 4253 338 4309 lib.
349 4255 371 4308 l.
