3038 4994
519 390 698 448 -287-

18 505 19 560 ³
77 529 153 608 priis
166 529 343 612 dominiis,
357 531 388 594 si
405 531 548 614 quando
565 537 717 617 propter
732 533 844 615 bolla,
858 534 1043 600 violentas
1060 535 1184 601 incur·

77 636 180 701 aiones
206 637 267 703 vel
298 637 452 719 iniustas
484 639 639 705 aliorum
666 640 874 723 Principum
904 642 1117 707 exactiones
1145 644 1184 707 in

77 740 252 808 discrimen
270 748 520 810 versarentur.

150 849 223 914 167.
271 848 309 915 Si
327 868 415 916 vero
445 851 490 916 de
515 852 674 934 Regibus
700 853 820 920 liberis
849 856 994 936 agatur,
1013 853 1083 918 hoc
1111 860 1180 935 eat,

76 953 111 1015 de
134 953 284 1020 Summis
300 955 568 1038 imperantibus
586 959 695 1041 plane
720 959 1062 1041 independentibus,
1082 961 1183 1026 nullo

75 1059 203 1126 noculo
220 1062 445 1136 feudalitatis
472 1065 620 1146 proprie
637 1064 757 1129 dictae
774 1066 836 1130 vel
860 1065 961 1130 latae
977 1065 1183 1148 dependen-

75 1166 134 1230 tiae
155 1167 290 1250 ligatis,
308 1170 419 1234 facile
446 1172 516 1234 erit
540 1172 713 1236 evincere
740 1172 850 1236 etiam
879 1173 991 1254 ipsos,
1008 1174 1092 1254 jure
1119 1193 1183 1256 pu·

74 1271 154 1339 blico
170 1275 266 1340 illius
283 1278 416 1341 aetatis
429 1283 609 1359 spectato,
624 1279 843 1342 auctoritate
860 1279 1047 1361 pontificia
1063 1297 1184 1361 poena

74 1379 294 1462 depositionis
327 1383 489 1465 legitime
519 1385 639 1465 puniri
666 1387 840 1466 potuisse,
871 1385 1008 1466 duplici
1040 1386 1184 1467 potissi·

74 1502 156 1552 num
170 1489 288 1566 titulo,
307 1490 462 1570 scilieet,
481 1491 623 1555 ratione
640 1491 885 1556 catholioitota'o
905 1497 942 1556 et
969 1492 1112 1555 ratione
1121 1493 1184 1578 ju·

73 1597 214 1677 rumenti,
233 1595 286 1659 uti
303 1596 466 1660 breviter
483 1596 823 1662 demonstrabimus.

148 1699 301 1765 Ratione
318 1702 573 1768 catholicitctio.
592 1701 710 1765 Medio
735 1719 828 1768 aevo
846 1703 894 1767 ad
910 1703 1050 1785 regiam
1067 1701 1182 1784 digni·

73 1808 172 1870 tatem
200 1807 463 1888 acquirendam
490 1813 527 1872 et
554 1808 811 1890 possidendam
839 1809 1094 1891 requirebatur
1124 1826 1184 1874 ne·

73 1913 217 1978 cessario
252 1921 439 1996 tamquam
472 1913 631 1979 conditio
663 1914 883 1996 essentialis,
918 1932 1095 1997 expressa
1124 1917 1185 1982 vel

73 2018 327 2102 subintellecta,
368 2021 433 2085 sed
462 2021 606 2086 omnino
632 2021 878 2104 adimplenda,
896 2039 1055 2086 summos
1071 2022 1184 2104 impe·

73 2130 183 2190 rantes
199 2127 490 2191 communionem
506 2126 695 2192 Ecclesiae
713 2145 877 2209 servare,
897 2145 1040 2192 necnon
1067 2128 1184 2209 publi·

73 2245 142 2295 oum
153 2233 317 2315 regimen
326 2233 532 2298 catholicae
542 2233 760 2315 professioni
769 2252 918 2316 prorsus
930 2237 1183 2317 accomodare,

73 2336 245 2404 obtinendi
270 2339 392 2421 gratia
418 2341 581 2405 solemne
608 2340 879 2423 beneplacitum
903 2359 947 2406 ao
975 2359 1184 2423 supremam

73 2439 193 2510 Summi
209 2445 395 2511 Pontificis
411 2447 650 2512 sanctionem:
669 2447 754 2512 hinc
778 2448 873 2512 siout
895 2447 1089 2512 hodiedum
1105 2448 1184 2530 plu·

73 2565 108 2611 ra
138 2568 263 2634 regna,
298 2556 388 2634 puta
424 2553 571 2635 Anglia,
605 2553 737 2636 Dania,
772 2552 909 2634 Svetia,
943 2551 1113 2634 Graecia,
1148 2561 1186 2618 et

72 2658 233 2722 nonnulla
265 2659 433 2740 imperia,
451 2659 567 2724 veluti
597 2656 795 2724 Germania
824 2665 861 2724 et
892 2660 1033 2742 Russia,
1052 2660 1090 2724 in
1118 2677 1186 2725 sua

72 2759 142 2843 lege
167 2763 435 2830 fundamentali
464 2765 656 2830 adstruunt
687 2783 812 2848 regem
837 2767 897 2831 vel
924 2768 1186 2850 imperatorem

72 2869 162 2950 sequi
193 2871 312 2935 teneri
344 2871 659 2953 anglicanismum,
688 2872 978 2955 luteranismum,
1014 2875 1185 2940 calvinis-

72 2989 165 3055 mum,
176 2977 337 3042 schisma
354 2983 417 3042 aut
433 2995 606 3060 graecam
619 2978 883 3061 orthodoxiam,
899 2981 960 3045 vel
976 2997 1185 3064 quamcum-

73 3095 132 3159 que
157 3083 270 3147 aliam
293 3083 521 3165 religionem,
539 3085 673 3148 rectius
690 3079 832 3167 loquar,
852 3089 992 3149 sectam
1019 3086 1185 3150 christia·

72 3200 156 3270 nam,
189 3190 276 3272 quia
308 3188 468 3253 conditio
501 3189 777 3254 christianitatis
809 3190 966 3255 habetur
997 3197 1185 3272 tamquam

73 3293 172 3358 tacite
199 3295 458 3359 subintellecta
473 3295 509 3359 in
523 3296 607 3377 jure
623 3296 768 3378 publico
794 3297 982 3360 nationum
999 3295 1182 3379 Europae,

72 3395 152 3462 adeo
168 3404 220 3481 ut,
239 3401 272 3465 ai
290 3401 371 3482 quis
387 3417 455 3466 rex
471 3401 586 3466 vellet
608 3401 687 3465 fleri
703 3401 874 3482 idolatra,
889 3407 990 3465 certe
1006 3419 1079 3464 non
1095 3402 1185 3466 tole·

71 3508 215 3589 raretur,
231 3512 268 3570 et
284 3507 378 3571 citra
394 3507 513 3590 legem
527 3506 714 3588 scriptam3
729 3507 782 3570 ita
797 3507 908 3572 etiam
926 3506 1084 3570 saeculis
1101 3523 1185 3588 pro·

71 3609 186 3676 mediis
203 3629 330 3677 omnes
354 3612 552 3694 principes,
572 3617 726 3677 cunctae
742 3617 870 3694 gentes
899 3618 935 3677 et
951 3612 1092 3694 politici
1110 3617 1183 3677 sta·

71 3718 122 3778 tua
132 3719 344 3801 religionem
357 3719 577 3783 catholicam
591 3719 775 3801 amplecti,
786 3719 950 3801 profiteri
962 3725 1073 3802 atque
1087 3719 1183 3784 tueri

72 3819 253 3905 debebant,
273 3825 414 3908 quia-in
441 3824 699 3889 constitutione
725 3825 991 3889 fundamentali
1006 3825 1183 3908 antiquae

70 3921 226 4013 Europae
251 3929 494 4013 Christianae,
513 3949 560 3995 ex
572 3931 655 4012 jure
672 3930 818 4014 publico
842 3929 953 3995 medii
980 3930 1076 4012 aevi,
1097 3947 1184 3995 con·

72 4031 149 4100 ditio
161 4037 421 4104 catholicitatis
430 4038 690 4104 recensebatur
703 4037 755 4102 uti
769 4037 996 4120 potissimum
1010 4042 1047 4101 et
1060 4053 1185 4100 essen·

71 4138 149 4206 tiele
170 4144 396 4228 requisitum,
415 4144 474 4210 eui
496 4161 603 4226 reges
631 4145 669 4209 in
695 4144 845 4226 publica
871 4143 1088 4226 populorum
1118 4161 1182 4224 gu·

71 4242 275 4316 bernatione
303 4255 415 4335 atque
445 4259 574 4334 gentes
604 4251 642 4316 in
673 4251 806 4317 mutuis
831 4250 1071 4316 relationibus
1102 4265 1185 4314 sese
1301 4346 1305 4352 Ι

73 4353 299 4438 attemperari
315 4355 648 4440 obstringebantur.
