3058 4994
735 315 789 395 ²·-
814 351 872 408 4s2
897 382 932 394 -

289 494 444 576 juristae
457 494 552 558 inter
566 513 605 559 se
623 493 851 576 dissentiant,
870 495 979 576 etque
993 495 1102 574 pacta
1116 492 1420 558 internetionalia

291 601 312 663 J
318 619 356 665 us
375 601 655 666 conventionale
672 600 930 665 constituentia
944 599 1100 664 maxime
1118 597 1336 682 discrepent.

381 707 585 790 Eapropter
602 707 664 772 via
682 707 885 790 expeditior
913 711 1023 790 atque
1040 706 1194 772 medium
1228 707 1422 772 efficacius

295 813 432 897 aliquid
449 813 641 898 superbae
658 815 850 898 complexa
868 819 904 880 et
920 813 1167 878 inextricabili
1186 815 1338 878 materia
1355 813 1422 878 de·
1446 871 1451 885 ,

292 921 441 986 finiendi
459 921 623 1004 proiecto
642 921 711 986 erit
724 937 878 1004 sequens
896 921 1069 1004 generale
1099 919 1314 1004 principium
1341 925 1422 984 sta-

292 1027 411 1092 bilire:
435 1027 594 1093 “merces
619 1011 825 1092 nationibus
858 1028 1083 1094 neutralibus
1110 1029 1301 1092 occasione
1327 1027 1423 1090 belli

295 1133 513 1199 interdictae
530 1135 793 1200 existimandae
822 1141 905 1200 sunt
932 1151 1182 1218 quaecumque
1207 1151 1266 1198 res
1294 1134 1423 1198 usibus

290 1239 380 1305 belli
400 1242 479 1305 sive
497 1241 753 1306 continentalis
777 1241 855 1306 sive
883 1243 1054 1306 maritimi
1068 1241 1205 1306 directe
1224 1259 1267 1305 sc
1295 1241 1421 1305 imme-

297 1347 394 1412 diate
414 1348 696 1434 deservientes„¹

384 1453 563 1521 Limitotio
581 1457 826 1542 novipotiouis.
842 1456 1039 1521 Praeterea
1052 1455 1203 1521 libertas
1217 1456 1422 1520 circumna-

294 1561 459 1644 vigandi3
477 1580 549 1645 qua
565 1564 733 1629 fruuntur
750 1561 871 1628 Status
889 1565 1086 1646 neutrales,
1113 1563 1315 1628 visitationi
1333 1565 1422 1628 sub·

290 1671 392 1751 Jacet
410 1669 557 1734 navium
575 1671 709 1736 bellum
728 1673 943 1755 gerentium,
963 1677 1001 1736 ut
1018 1672 1185 1736 nationes
1202 1671 1422 1736 dimicantes

294 1776 470 1840 certiores
488 1775 577 1839 fiant
596 1777 639 1841 de
657 1778 892 1842 observantia
916 1777 1172 1842 neutralitalis.
1204 1777 1423 1859 Huiusmodi

294 1883 494 1965 recognitio
513 1883 602 1947 nihil
620 1884 718 1949 aliud
736 1893 791 1950 est
808 1903 915 1968 quern
934 1892 1037 1949 actus
1061 1885 1364 1966 jurisdictionalis
1383 1887 1423 1949 in

295 1997 421 2072 gentes
454 1991 639 2056 neutrales
687 1993 883 2076 unicuique
915 1991 1085 2058 bellatori
1114 1993 1423 2075 exceptionaliter

290 2103 518 2182 competens.

383 2206 448 2272 Jus
465 2205 701 2289 inspectionis
720 2209 861 2272 tantum
878 2207 1043 2272 exerceri
1075 2209 1195 2290 potest
1224 2223 1289 2289 per
1314 2206 1421 2272 navi·

296 2315 358 2396 gia
375 2313 575 2397 praeliaris
588 2314 648 2377 vel
666 2313 900 2396 praedatoria
917 2317 1014 2397 (post
1028 2313 1312 2378 declarationem
1327 2311 1420 2378 Con-

295 2437 441 2503 gressns
458 2402 677 2484 Parisicnsis
696 2421 780 2484 1856
812 2421 1002 2503 praedatio
1021 2426 1163 2486 armata
1187 2423 1320 2502 (corso)
1355 2421 1420 2486 vix

296 2527 501 2606 adhibetur)
519 2525 683 2591 Statuum
701 2527 1006 2611 belligerantium,
1025 2545 1208 2611 nunquam
1233 2545 1321 2592 vero
1354 2545 1421 2610 per

296 2651 411 2699 naves
426 2633 676 2699 mercatorias.

387 2741 614 2806 Praedictem
657 2741 927 2824 inquisitionem
962 2741 1082 2806 subire
1115 2743 1283 2806 tenentur
1319 2745 1422 2805 rates

296 2848 482 2912 neutrales
507 2847 736 2930 praedationi
766 2849 826 2914 vel
845 2855 1073 2914 mercaturae
1091 2847 1246 2928 deditae,
1273 2847 1422 2912 minime

298 2959 418 3020 autem
448 2955 596 3038 navigia
624 2957 830 3039 bellatoria,
851 2973 916 3039 pro
934 2956 1062 3038 quibus
1091 2956 1225 3020 suflicit
1255 2955 1423 3019 formalis

297 3063 497 3128 declaratio
515 3079 536 3126 a
554 3062 644 3128 duce
662 3063 760 3128 facta
794 3081 931 3128 merces
963 3063 1164 3146 prohibitas
1192 3081 1265 3128 nou
1293 3081 1421 3146 aspor-

296 3170 409 3236 tendi.
1257 3229 1263 3248 ,

386 3279 429 3342 In
460 3277 629 3342 faciende
659 3278 835 3360 ejusmodi
852 3277 1113 3362 recognitione,
1129 3280 1236 3360 Juxta
1268 3278 1421 3343 foedera

297 3388 595 3452 internetionalia
607 3391 643 3452 et
655 3388 799 3470 praxim
812 3388 985 3470 gentium,
1001 3389 1197 3452 nonnullae
1214 3388 1421 3452 servandae

291 3500 382 3560 'sunt
399 3495 661 3578 solemnitates,
692 3495 909 3578 praesertim
937 3512 1039 3560 vero:
1069 3495 1099 3580 ²)
1126 3495 1288 3558 detinere
1316 3496 1420 3560 navi·

299 3603 407 3684 giem,
428 3603 473 3666 de
490 3619 559 3685 quo
577 3602 735 3685 suspicio
757 3602 949 3684 habeatur,
982 3602 1135 3684 praevie
1167 3601 1337 3667 tormenti
1370 3601 1418 3666 di·

298 3709 482 3793 splosione
499 3711 726 3793 (cassonazo),
743 3727 835 3793 quae
853 3709 1027 3774 monitum
1044 3708 1174 3774 dicitur
1193 3709 1236 3789 (el
1253 3710 1376 3790 auiso);
1393 3705 1420 3790 b)

298 3817 455 3881 scrutari
472 3817 688 3881 documenta
704 3818 854 3882 navalia
872 3817 930 3900 (de
948 3835 969 3880 a
987 3817 1125 3896 burdo),
1155 3823 1193 3880 ut
1210 3816 1417 3898 comprobe-

299 3929 356 3988 tur
374 3923 591 3989 neutralitas
609 3926 759 4008 eJusque
792 3925 1038 4006 observantia,
1065 3923 1160 4006 quod
1189 3927 1418 4006 nuncupatur

298 4032 466 4114 probatio
481 4033 742 4114 denumeratis,-
758 4024 782 4113 ⁶)
797 4047 999 4111 recurrere,
1019 4030 1164 4114 quando
1182 4048 1228 4095 ex
1255 4031 1415 4113 recogni-

298 4140 397 4204 tione
414 4139 709 4204 documentorum
728 4139 816 4204 nihil
844 4139 934 4204 certi
964 4149 1123 4220 eruatur,
1144 4138 1190 4202 ad
1223 4137 1414 4203 secundem

299 4246 550 4330 probationem
569 4248 830 4313 testimonialem
846 4248 1028 4329 vocatam,
1047 4263 1069 4310 a
1095 4249 1287 4310 nautarum
1311 4243 1415 4309 turba
