3028 4992
791 367 908 426 -386
933 399 969 412 -

319 511 440 575 derari
459 510 584 592 vallet,
604 515 667 576 aut
684 507 752 576 sibi
777 510 952 575 tribueret
969 510 1182 574 facultatem
1194 507 1384 592 judicandi
1400 513 1438 574 et

319 617 511 682 dirimendi
529 619 800 682 controversias
818 618 977 682 obortas.

408 721 583 803 Quartum
613 723 770 788 officium
799 741 821 786 a
847 723 1000 804 singulis
1027 721 1187 786 Statibus
1213 722 1373 803 postulat
1400 727 1438 786 ut

319 829 534 910 alienigenis
550 833 771 910 agnoscatur
783 829 941 894 facultas
955 827 1183 910 ingrediendi
1198 845 1243 892 ac
1255 827 1437 892 residendi

318 937 355 1000 in
381 935 563 1000 territorio
589 935 759 1011 nationis,
776 935 919 1015 juribus
947 935 1116 998 civilibus
1143 934 1300 1014 fruendi,
1318 934 1435 1014 legum

319 1043 581 1126 protectionem
607 1041 817 1122 invocandi,
836 1047 987 1122 agentes
1006 1041 1259 1124 diplomaticus
1277 1041 1338 1106 vel
1355 1059 1435 1104 con·

319 1149 459 1212 solares
484 1149 653 1229 habendi,
680 1149 741 1230 qui
770 1149 915 1212 nomine
943 1165 1031 1211 suae
1059 1147 1292 1229 respectivae
1319 1147 1436 1228 gentis

319 1257 467 1338 negotia
495 1256 679 1318 exteriora
708 1253 939 1318 moderentur
964 1255 1121 1336 iuraque
1148 1271 1294 1318 suorum
1320 1252 1435 1318 conci-

319 1363 418 1426 vium
453 1367 635 1442 tueantur,
665 1378 807 1424 necnon
838 1359 953 1422 libere
984 1359 1335 1440 circumnavigandi,
1367 1375 1436 1422 ser·

319 1469 415 1532 uatis
445 1475 565 1532 tamen
595 1467 765 1548 legitimis
791 1466 1093 1547 restrictionibus,
1113 1483 1207 1549 qnae
1233 1485 1255 1528 a
1280 1464 1436 1528 naturali

319 1576 518 1658 aequitate,
545 1574 756 1638 defensione
785 1573 961 1638 nationali
980 1574 1039 1636 vel
1069 1573 1214 1656 publico
1244 1574 1338 1638 bono
1364 1570 1435 1636 Sta·

320 1689 416 1746 tuum
436 1681 548 1746 littori
567 1681 798 1744 finitimorum
817 1680 1068 1760 exquiruntur.

407 1787 461 1850 54.
511 1787 662 1852 Praeter
695 1788 854 1870 nepetino
876 1785 996 1850 officia
1023 1791 1170 1850 exstant
1198 1786 1436 1868 obligationes

313 1895 497 1980 positivae,
532 1911 684 1974 quarum
719 1893 955 1956 observantia
990 1890 1112 1956 Status
1146 1899 1262 1974 urget3
1294 1891 1341 1955 ad
1369 1892 1437 1956 tria

319 2005 439 2064 autern
453 2000 621 2063 revocari
641 1999 767 2062 valent
786 1998 963 2078 ejusmodi
981 1998 1102 2063 cilicia
1119 1985 1291 2081 positiva,
1311 1997 1435 2080 quibus

318 2113 445 2188 gentos
464 2113 585 2170 mutuo
602 2105 823 2168 vinciuntur:

408 2213 436 2276 Ι.
485 2213 685 2293 Reciproca
714 2211 846 2292 agendi
874 2213 969 2276 ratio
990 2211 1109 2294 quoad
1133 2211 1231 2292 jura,
1250 2211 1434 2276 commoda

318 2327 354 2382 et
372 2319 557 2400 obsequia,
577 2319 629 2380 ita
646 2323 684 2381 ut
700 2318 852 2399 quilibet
869 2317 990 2382 Status
1010 2319 1116 2382 alteri
1134 2319 1275 2382 nationi
1292 2317 1434 2382 easdem
1506 2325 1507 2366 f

317 2425 513 2488 facultates
538 2441 581 2488 ac
605 2424 859 2489 concessiones
889 2425 1038 2506 tribuat,
1058 2442 1148 2507 quas
1177 2425 1224 2488 ab
1242 2426 1324 2506 ipsa
1341 2441 1433 2488 rece·

318 2531 383 2612 pit,
403 2547 545 2611 unaque
562 2529 686 2594 sedulo
715 2529 915 2611 adimpleat
933 2548 1058 2596 omnes
1074 2531 1309 2596 reverentiae
1329 2535 1433 2612 atque

319 2636 585 2700 observationis
604 2636 749 2717 regulas
766 2637 812 2700 ab
839 2654 962 2700 amore
980 2637 1255 2702 internetionali
1274 2642 1311 2700 et
1329 2637 1432 2700 corni-

317 2747 393 2804 tate
411 2743 570 2822 gentium
588 2744 835 2824 praescriptas
847 2743 929 2824 (hoc
948 2745 1106 2810 officium
1121 2744 1196 2825 juri
1214 2743 1435 2828 aequalitatis

318 2847 540 2930 respondet).

407 2953 453 3017 ΙΙ.
502 2953 636 3018 Fidelis
669 2953 878 3036 adimpletio
913 2961 1126 3020 cunctarum
1160 2955 1431 3038 obligationum,

318 3077 412 3142 quae
440 3078 486 3126 ex
510 3063 626 3143 pactis
644 3062 774 3126 aliisve
802 3063 910 3127 factis
924 3063 1092 3144 juridicis
1109 3063 1301 3145 spaciatim
1319 3081 1364 3128 ac
1379 3061 1432 3126 de·

318 3168 510 3231 terminate
529 3168 704 3248 originem
723 3167 856 3232 ducere
881 3175 1017 3250 queant
1033 3169 1246 3252 (consonum
1274 3175 1330 3234 est
1346 3171 1430 3248 ejus·
1504 3221 1505 3226 ,

317 3273 413 3336 modi
431 3273 587 3338 officium
602 3273 744 3353 juribus
764 3277 982 3339 autonomiae
1000 3279 1111 3357 atque
1140 3276 1430 3360 irrdapeadentiae,
1504 3261 1505 3336 l

318 3397 470 3459 quarum
489 3381 527 3442 vi
545 3379 792 3461 unusquisque
809 3379 932 3444 Status
958 3398 1138 3462 personae
1152 3381 1334 3462 juridicae
1350 3379 1429 3444 assi·

318 3484 464 3548 nrilatur
483 3486 702 3568 capacitate,
719 3485 889 3550 libertate
907 3505 951 3552 ac
968 3487 1291 3570 responsabilitste
1309 3489 1429 3552 instro·

318 3600 399 3653 ctae
417 3591 453 3654 in
472 3591 597 3655 ordine
616 3591 868 3672 contrahendi,
884 3593 1095 3674 paciscendi
1109 3595 1171 3660 vel
1187 3613 1270 3660 sese
1287 3593 1430 3659 obstrin·
1503 3633 1504 3674 3

317 3695 453 3776 gandi).

407 3801 472 3865 111.
528 3801 653 3866 Mutua
687 3805 866 3884 protectio
903 3823 969 3886 pro
1006 3807 1123 3872 tutela
1159 3811 1196 3872 et
1228 3807 1429 3889 integritate

318 3905 494 3988 Statuam,
513 3908 728 3988 corrigendo
746 3909 783 3972 in
800 3911 930 3992 quavis
955 3913 1104 3978 natione
1129 3915 1264 3980 abusus
1282 3909 1426 3978 auctori·

318 4013 416 4094 tatis,
436 4015 497 4078 vel
514 4013 677 4080 ordinem
706 4017 879 4082 socialem
907 4021 1163 4102 restaurando,
1181 4039 1264 4086 cum
1293 4021 1337 4086 ob
1354 4035 1428 4102 gra·
1502 4029 1503 4070 1

317 4118 481 4200 vitatem,
502 4119 728 4186 durationem
753 4127 790 4186 et
805 4125 1063 4190 notorietatem
1092 4127 1274 4192 laetorum
1291 4143 1336 4192 ex
1363 4139 1427 4188 una

318 4229 436 4306 parte,
455 4243 502 4289 ex
525 4227 600 4290 alia
616 4245 705 4292 vero
730 4233 881 4312 propter
909 4231 1174 4316 impotentiam,
1194 4232 1426 4300 deficientiam
