3062 4994
568 411 746 469 -189-

97 569 217 634 aynae,
232 554 297 620 sed
314 552 508 636 stabiliter,
527 558 566 618 ut
579 554 618 618 fit
629 554 813 640 fundando
829 553 1019 636 beneficia,
1038 555 1099 620 vel
1123 539 1222 620 bona

98 658 258 725 lubricae
272 660 464 726 Ecclesiae
480 661 720 744 relinquenda
733 667 770 726 et
786 667 872 726 tunc
890 660 1094 742 hujusmodi
1112 661 1219 726 bene·

97 765 254 830 factores
276 767 360 832 loco
379 765 536 832 omnium
561 765 750 831 Ecclesiae
767 771 974 850 sucurrunt,
994 773 1104 849 atque
1123 768 1221 832 obla·

96 871 252 936 tionibus
269 873 345 937 suis
374 878 541 937 caeteros
567 886 782 956 exonerant,
801 873 862 956 qui
891 872 1071 956 equidem,
1090 874 1121 938 si
1149 875 1219 938 lar-

95 977 250 1058 gitiones
274 983 339 1042 aut
355 977 611 1059 eleemosynae
627 978 850 1044 sufficientes
878 979 1027 1058 inerint,
1046 997 1118 1044 non
1136 985 1222 1044 sunt

96 1083 262 1168 cogendi,
280 1084 416 1168 quippe
442 1085 571 1150 melior
598 1087 743 1168 semper
771 1085 986 1151 aestimatur
1015 1091 1222 1168 spontanea

98 1188 247 1272 oblatio,
266 1195 343 1255 tum
359 1190 503 1256 ratione
520 1192 640 1256 meriti
657 1193 695 1256 in
713 1193 964 1272 offerentibus,
984 1198 1060 1258 tum
1078 1195 1222 1258 ratione

97 1295 243 1360 minoris
256 1296 495 1378 gravaminis:
514 1297 594 1360 sive
610 1298 829 1384 obligatorias,
847 1315 927 1362 cum
942 1298 1080 1380 judicio
1096 1298 1219 1364 Eccle-

96 1401 168 1466 siae
195 1419 273 1468 non
300 1403 484 1468 sufficiunt
506 1409 733 1486 spontaneae
760 1404 975 1470 donationes
1003 1422 1069 1488 pro
1098 1406 1222 1470 debita

97 1505 343 1573 Ministrorum
361 1510 626 1574 sustentatione
654 1515 690 1576 et
707 1511 926 1576 necessariis
943 1508 1067 1576 Cultus
1084 1511 1221 1593 publici

97 1615 279 1696 expensis,
312 1632 357 1679 ac
384 1615 537 1697 proinde
565 1633 689 1680 omnen
716 1616 842 1682 fideles
870 1635 972 1682 suum
1004 1633 1221 1683 concursum

98 1721 275 1800 praebere
293 1719 427 1785 debent
443 1722 481 1786 in
504 1722 622 1786 forme
638 1727 676 1786 et
705 1723 908 1805 quantitate
926 1722 972 1787 ab
1000 1723 1081 1805 ipsa
1097 1723 1222 1790 Eccle-

98 1826 148 1889 sia
163 1827 400 1910 praescripta
417 1827 464 1891 ad
480 1845 595 1892 onera
610 1828 784 1910 religiosa
800 1828 1040 1894 sublevanda.

179 1929 239 1998 2⁰
283 1933 411 2000 Altera
428 1935 630 2000 exactionis
648 1935 709 2000 vel
733 1936 974 2019 impositionis
1002 1936 1221 2002 tributorum

99 2041 186 2105 ratio
204 2058 255 2106 ex
270 2043 465 2108 ministerio
482 2041 670 2108 Ecclesiae
698 2045 869 2110 communi
886 2043 1076 2125 repetitur:
1096 2043 1219 2124 explo-

98 2153 212 2213 ratum
230 2165 390 2232 namque
403 2155 459 2214 est
472 2149 508 2213 in
522 2149 688 2215 Ecclesia
704 2150 883 2232 quaedam
896 2148 1095 2214 ministrari
1109 2148 1221 2214 omni·

100 2251 159 2318 bus
187 2256 312 2339 simul,
338 2273 402 2321 seu
430 2257 501 2338 ipsi
527 2257 777 2322 communitati
803 2255 1010 2338 religiosae,
1037 2255 1088 2320 uti
1116 2270 1221 2338 prae·

99 2358 316 2428 dicationem
333 2363 439 2428 verbi
465 2362 547 2444 Dei,
566 2361 699 2427 Missae
727 2361 954 2444 aliarumque
979 2361 1221 2427 communium

100 2467 322 2535 functionum
354 2469 651 2551 celebrationem,
682 2467 860 2552 quaedam
890 2471 1013 2532 autem
1040 2467 1223 2550 aliquibus

103 2577 364 2655 specialissime
388 2575 592 2659 dispensari
620 2579 684 2640 aut
710 2575 881 2657 conferri,
907 2578 997 2657 puta
1024 2574 1221 2658 baptisma,

100 2680 349 2747 adsistentium
366 2681 611 2762 matrimonio,
625 2681 864 2764 sepulturam,
878 2681 1057 2763 pluraque
1074 2681 1148 2744 alia
1165 2698 1219 2746 sa·

102 2787 351 2867 oramentalia3
378 2803 447 2869 age
469 2788 559 2869 jam,
586 2785 680 2850 sicut
708 2787 746 2851 in
772 2786 949 2850 societate
979 2785 1092 2866 civili,
1115 2785 1224 2868 juxta

102 2893 244 2958 axioma
269 2893 465 2975 jnridicum
493 2893 733 2958 communiter
753 2895 953 2974 receptum,
972 2892 1094 2956 cuncti
1121 2892 1224 2956 cives

106 2999 273 3064 oneribus
290 2999 487 3066 socialibus
502 2997 722 3064 sustinendis
740 2998 971 3064 contribuere
995 2998 1129 3063 debent
1155 3016 1221 3080 pro

101 3101 250 3185 viribus,
270 3103 369 3186 quia,
388 3120 469 3168 cum
502 3103 547 3168 de
573 3103 751 3169 societate
782 3103 965 3185 completa
992 3107 1029 3167 et
1057 3103 1224 3185 perfecta

103 3211 235 3294 agitur,
253 3209 334 3294 ipsa
350 3227 509 3293 persona
526 3226 608 3274 cum
637 3209 801 3273 omnibus
818 3209 892 3273 suis
906 3207 1047 3289 juribus
1065 3213 1101 3271 et
1117 3207 1224 3273 bonis

101 3318 267 3383 societati
283 3317 478 3400 addicitur,
494 3322 604 3400 atque
620 3316 704 3381 inde
721 3315 922 3400 procedunt
934 3321 1045 3380 taxas
1062 3331 1126 3380 seu
1138 3331 1222 3378 con·
1282 3351 1287 3362 ·

102 3421 328 3504 tributiones,
355 3441 449 3506 quae
478 3424 670 3508 generales
703 3430 739 3489 et
771 3424 934 3489 directae
963 3423 1144 3503 dicuntum
1170 3421 1223 3487 ita

104 3529 209 3596 etiam
232 3530 272 3595 in
288 3530 465 3595 societate
493 3531 668 3614 religiosa
696 3535 846 3614 propter
872 3529 1112 3595 ministerium
1128 3547 1222 3596 com·

104 3649 206 3702 mune
232 3635 437 3720 Ecclesiae,
468 3637 619 3722 ejusque
647 3638 802 3703 sociales
830 3637 1069 3704 necessitates
1099 3655 1225 3704 omnes

104 3741 225 3810 fideles
244 3762 464 3810 concurrere
480 3749 650 3812 tenentur
663 3745 711 3810 ad
726 3745 1013 3811 subveniendum
1035 3747 1072 3810 in
1088 3763 1225 3827 genere

104 3847 265 3917 fabricae
288 3849 477 3918 Ecclesiae
507 3857 544 3918 et
566 3841 812 3917 Ministrorum
839 3851 1108 3917 sustentationi:
1138 3851 1224 3916 hinc

106 3959 322 4038 proveniunt
346 3960 509 4028 subsidia
525 3961 745 4044 obligatoria
761 3977 826 4025 seu
844 3960 1112 4043 praestationes
1126 3979 1223 4044 qaae·

105 4065 193 4132 rates
211 4069 249 4220 stt
264 4066 426 4151 directae,
445 4083 540 4152 quae
566 4066 719 4133 dammae
741 4065 789 4152 (1)
816 4071 853 4129 et
868 4065 1052 4152 primitiae
1069 4062 1117 4146 (2)
1133 4081 1224 4132 nun·

107 4168 220 4237 cupan
239 4173 294 4222 ur.

106 4272 260 4286 ’.ιιι-ο·-

172 4326 211 4392 (1)
247 4320 379 4378 Decimae
396 4327 465 4378 suut
476 4325 551 4377 certa
570 4335 642 4392 pura
653 4319 809 4394 fructuum,
821 4319 863 4376 uel
881 4319 960 4384 lucri
973 4323 1049 4376 certa
1070 4335 1147 4389 pars,
1158 4319 1226 4374 dicl-
