3096 4986
588 379 747 438 ..59-

111 521 248 602 quando
265 539 340 586 non
359 526 515 604 apparet
546 522 641 586 ratio
660 522 761 587 illam
792 522 974 588 tribuendi
1003 523 1229 605 apostolicae

109 627 338 692 institutioni:
372 627 458 692 talis
490 632 611 692 autern
643 645 724 694 esse
757 628 902 693 videtur
930 629 1092 694 Traditio
1121 629 1228 710 hujns

111 733 358 816 exemptionis;
379 737 436 798 est
451 749 581 817 nempe
614 734 705 799 adeo
737 736 901 817 antiqua,
920 741 960 798 ut
983 736 1119 798 nullum
1149 736 1229 816 ejus

111 853 326 920 agnoscatur
343 839 498 920 initium,
516 857 600 903 narn
630 857 696 922 pro
726 849 929 922 temporum
955 842 1230 923 opportunitate

111 961 247 1028 semper
263 951 420 1010 servata
431 951 498 1026 est,
511 947 710 1028 praecipue
725 963 812 1010 voro
831 951 913 1029 post
936 951 1102 1028 tempora
1136 947 1228 1012 ebri-

111 1051 304 1116 stianorum
321 1051 610 1133 Imperatorum'’
629 1053 690 1132 (1).
708 1049 756 1116 Et
768 1069 857 1116 sane
874 1053 910 1116 in
935 1053 1080 1116 dubium
1100 1053 1229 1116 vocari

113 1157 230 1240 nequit
246 1157 511 1222 immunitatem
541 1156 764 1224 clericorum
793 1165 970 1240 perpetuo
1003 1165 1229 1224 constanter·

115 1280 179 1344 que
200 1263 312 1328 luisse
329 1263 566 1328 observatam
583 1264 631 1328 ab
650 1267 774 1328 aetate
792 1263 1020 1330 Constantini
1044 1265 1166 1346 Magni
1183 1264 1230 1328 ad

116 1375 233 1434 nostra
245 1387 359 1452 usque
373 1375 552 1452 tempora.

198 1473 251 1540 Ex
273 1475 387 1542 Sacra
413 1474 599 1560 Scriptura
629 1483 799 1558 promunt
827 1481 1029 1541 memorata
1056 1475 1091 1540 S.
1126 1476 1230 1540 Pauli

117 1581 222 1645 verba
238 1582 284 1645 ad
302 1581 542 1646 Timotheum:
573 1581 751 1648 Adversas
768 1585 1010 1669 Presbyterum
1039 1583 1229 1647 accusatio·

117 1707 187 1751 aem
201 1689 269 1753 aolr'
293 1689 459 1772 racipere,
479 1690 548 1753 oiri
565 1690 771 1755 colonobus
787 1699 848 1756 aut
865 1691 976 1755 tribus
1005 1691 1146 1754 teretibus
1165 1689 1229 1770 (2),

119 1791 236 1873 quibus
253 1795 376 1858 verbis
395 1813 466 1860 non
485 1795 668 1877 tribuitur,
687 1795 752 1860 sed
766 1798 977 1878 agnoscitur
994 1807 1157 1878 potestas
1177 1813 1229 1860 re-

121 1897 265 1980 eipiendi
293 1899 472 1964 adversus
500 1899 740 1984 Presbyteros
773 1903 1039 1980 accusationes,
1075 1903 1231 1984 ideoque

121 2007 323 2086 supponitur
335 2005 412 2088 jam
431 2011 518 2070 tune
536 2007 648 2072 inisse
663 2008 873 2092 episcopale
890 2009 1049 2072 tribunal
1073 2026 1138 2091 pro
1153 2007 1230 2071 (ile-

123 2111 266 2176 ricornm
295 2113 417 2178 causis
448 2111 690 2194 dijudicandis
708 2123 881 2178 erectum.
908 2113 977 2178 Pro
1006 2121 1108 2178 recta
1126 2113 1233 2193 hujus

123 2223 231 2281 textm
246 2219 552 2302 interpretatione
581 2221 726 2302 patroni
740 2221 832 2302 juris
852 2221 966 2284 divini
983 2238 1063 2284 cum
1082 2219 1231 2301 egregio

123 2319 278 2388 Suarezio
296 2325 345 2408 (3)
373 2325 670 2390 animadvertunt
687 2328 901 2409 Apostolum
918 2327 999 2390 heic
1028 2345 1100 2390 uon
1119 2343 1232 2408 agere

123 2426 258 2494 desolis
289 2431 410 2496 causis
438 2433 711 2514 ecclesiasticis,
743 2433 807 2496 sed
839 2433 883 2496 de
912 2433 1070 2514 querelis
1099 2443 1231 2496 contra

126 2530 270 2601 clericos
302 2537 478 2602 incensis
502 2539 764 2620 criminalibus,
793 2540 830 2602 in
856 2539 986 2620 quibus
1010 2539 1049 2602 lit
1081 2539 1234 2620 proprie

126 2644 309 2724 accusari03
330 2643 490 2724 aliunde,
510 2645 683 2726 loquente
701 2645 745 2709 D.
761 2645 873 2709 Panlo
891 2643 1077 2708 indefinite
1095 2652 1131 2708 et
1147 2647 1227 2710 sim·

124 2745 264 2829 pliciter,
283 2749 381 2812 illius
399 2751 583 2814 sententia
615 2751 662 2814 ad
691 2751 846 2814 crimina
877 2751 1129 2816 ecelesiastica
1159 2770 1231 2816 non

125 2855 448 2937 estresnringenda3
467 2856 592 2938 igitur,
618 2858 726 2938 Juxta
755 2858 941 2938 paulinum
970 2859 1229 2938 testimonium,

125 2956 319 3044 Presbyteri
336 2971 421 3026 tune
451 2964 625 3046 temporis
655 2963 699 3028 de
726 2981 953 3046 quocumque
987 2965 1137 3028 erimine
1171 2981 1231 3046 po·

124 3067 232 3130 terant
246 3085 291 3132 ac
308 3066 489 3132 debebant
505 3068 542 3132 in
556 3069 729 3132 tribunali
747 3069 996 3133 ecclesiastico
1014 3071 1191 3134 accusari.

201 3171 254 3238 Ex
282 3173 525 3240 ecclesiasticis
557 3176 786 3240 moramentis
818 3176 855 3239 iu
896 3177 1232 3238 corroborationem

121 3275 202 3354 juris
227 3279 342 3343 divini
358 3280 627 3362 quamplurima
652 3280 815 3362 allegant
839 3279 1054 3346 Sanctorum
1084 3280 1233 3343 Petrum

124 3381 237 3465 efiata,
255 3383 501 3450 Conciliornm
521 3387 736 3468 sententias,
766 3404 909 3451 necnon
931 3386 1105 3468 quosdam
1126 3403 1231 3450 cano·

124 3505 179 3554 nes
204 3490 429 3574 excerpere
459 3491 558 3558 Juris
589 3491 836 3575 depromptos:
867 3493 1043 3573 originem
1071 3491 1233 3556 divinam

123 3595 376 3664 immunitatum
393 3597 547 3662 disserte
566 3599 773 3678 ostendunt,
793 3599 896 3678 ajnnt
922 3597 1087 3662 asseclae
1105 3597 1232 3662 Suare-

123 3703 211 3770 uiiet
241 3704 378 3786 Soglia,
412 3703 612 3768 declaratio
638 3703 792 3770 concilii
820 3705 1080 3768 Lateranensis
1107 3703 1137 3766 V
1167 3703 1235 3766 sub

123 3805 232 3876 Leone
259 3811 294 3876 X
325 3809 501 3876 Peutiflee
533 3809 704 3874 habiti-
725 3808 808 3878 Cum
844 3831 865 3874 u
889 3812 975 3896 jare
1003 3817 1073 3876 tam
1101 3809 1233 3887 diviso,

123 3989 270 4003 ¹*—

184 4128 221 4194 (1)
257 4123 358 4196 Dasea.
370 4123 434 4180 Eirt.
448 4124 525 4180 Getis.
537 4124 585 4178 lib.
599 4125 642 4180 lv
655 4141 716 4193 esp.
729 4127 755 4179 8.

185 4199 220 4264 (t)
254 4195 344 4265 Epist.
361 4199 381 4250 l.
391 4213 453 4266 cap.
468 4198 501 4252 V.

186 4271 222 4336 (3)
256 4269 322 4323 Loc.
333 4269 382 4322 cit.
392 4283 454 4336 cap.
470 4272 511 4324 18.
