3058 4994
769 377 948 436 -438-

298 519 455 602 privatis
475 518 615 600 juristis
629 520 815 601 procedam
834 522 976 586 ratione
1000 522 1093 586 modi
1116 519 1287 602 distingui
1312 521 1418 586 valet

300 627 337 690 in
353 627 511 710 logicam,
543 625 743 694 historicam
775 633 886 710 atque
914 628 1223 712 grammaticalem,
1250 631 1359 709 prout
1382 627 1419 690 in

300 731 470 796 iacienda
486 732 788 814 interpretatione
805 751 894 816 prae
919 735 1033 798 oculis
1061 733 1265 798 habeantur
1293 739 1420 798 reatae

300 840 452 904 rationis
470 841 661 922 principia,
677 842 738 906 vel
762 842 962 924 peculiaria
991 859 1110 905 rerum
1144 858 1189 906 ac
1216 845 1421 924 temporum

302 946 487 1028 adjuncta,
502 946 562 1010 vel
580 947 786 1030 proprietas
802 953 839 1012 et
853 965 936 1012 usus
949 948 1143 1012 verborum
1157 947 1217 1030 (1).

393 1053 470 1132 Age
478 1053 555 1132 Jam
573 1053 693 1116 omnia
720 1055 1035 1134 interpretationis
1051 1069 1188 1134 genera
1199 1069 1313 1135 supra
1329 1052 1420 1114 rela·
1507 1049 1508 1114 Τ

303 1161 342 1218 ta
355 1157 472 1220 locum
490 1165 526 1220 et
542 1161 827 1240 applicationem
859 1161 1023 1224 obtinere
1057 1167 1193 1244 queunt
1224 1161 1262 1224 in
1295 1158 1421 1224 ordine

304 1264 590 1328 internetioneli:
620 1267 828 1347 arcthontico,
860 1267 945 1349 quia
963 1267 1034 1349 ipsi
1052 1263 1173 1330 Status
1205 1283 1267 1330 reu
1299 1271 1423 1348 partes

304 1369 532 1450 paciscentes
549 1389 652 1436 suam
676 1380 832 1436 mentem
863 1375 1000 1437 directe
1017 1390 1060 1436 ac
1079 1371 1286 1438 immediate
1304 1372 1420 1436 decla·

305 1493 391 1538 rare
406 1483 568 1558 possunt;
602 1480 748 1560 arcolis,
768 1461 853 1562 quia
870 1480 1081 1544 omissiones
1099 1485 1135 1543 et
1167 1479 1423 1560 ambiguitates

305 1591 494 1663 pactorum
523 1603 785 1668 saepenumero
804 1589 841 1652 vi
855 1587 1155 1652 consuetudinum
1183 1587 1346 1668 suppleri
1364 1589 1422 1648 aut

306 1690 490 1754 enucleari
508 1693 851 1780 valent3jarlicialis,
872 1695 1042 1776 quoniam
1061 1694 1249 1758 clausulae
1267 1709 1420 1756 conven-

306 1798 444 1860 tionum
461 1798 579 1862 solent
595 1801 774 1864 interdum
794 1801 986 1882 explanari
1008 1817 1052 1862 ao
1069 1799 1210 1864 definiri
1234 1799 1271 1862 in
1301 1797 1423 1862 ordine

307 1893 481 1966 exteriori
496 1921 561 1985 per
575 1906 774 1970 tribunalia
787 1905 1099 1986 internetionalia,
1120 1911 1229 1987 atque
1246 1907 1284 1970 in
1303 1903 1423 1968 ordine

307 2007 472 2074 interiori
490 2028 555 2091 per
569 2011 766 2076 tribunalia
784 2011 1198 2094 uniuscujusqueStatus
1211 2011 1421 2076 contraheu-
1509 2011 1510 2032 ¹

308 2115 366 2194 tis;
384 2117 601 2196 doctrinalis,
620 2121 753 2182 etenim
773 2121 1031 2202 quamplurimi
1055 2120 1254 2200 scriptores
1272 2124 1311 2182 et
1328 2133 1420 2196 egre-

308 2222 358 2302 gii
371 2223 574 2303 jurisperiti
587 2226 670 2289 huie
687 2233 901 2307 argumento
917 2226 1194 2290 internetionali
1211 2223 1421 2306 exponendo

309 2327 471 2394 sedulam
490 2349 639 2412 operam
656 2339 851 2412 naverunt3
878 2334 1000 2418 logico,
1032 2331 1167 2414 quippe
1184 2333 1321 2414 passim
1338 2329 1419 2392 anti·
1510 2395 1511 2414 χ

310 2437 452 2500 nomiae
468 2455 532 2518 per
550 2447 651 2502 recta
665 2439 917 2520 philosophiae
934 2439 1116 2520 principia
1129 2443 1229 2504 recte
1243 2437 1419 2519 explican-

310 2549 381 2622 tu1·;
407 2545 585 2624 historico,
604 2563 687 2610 nam
705 2565 770 2628 pro
789 2546 1019 2628 assequendo
1052 2547 1208 2628 genuino
1237 2543 1422 2626 cujuslibet

312 2651 491 2732 pactionis
508 2671 629 2733 sensu,
649 2653 841 2734 plurimum
861 2655 952 2718 lueis
970 2671 1013 2716 ac
1028 2653 1227 2734 juvaminis
1241 2651 1423 2734 praestant

312 2757 512 2836 peculiaria
538 2759 710 2840 adjuncta
726 2778 772 2822 ex
790 2761 1099 2841 negotiationibus
1125 2759 1289 2842 praeviis
1307 2763 1341 2822 et
1356 2756 1420 2818 soe·
1511 2825 1512 2846 χ

313 2863 399 2928 dere
417 2865 619 2944 proluserio
633 2867 835 2948 desumpta
855 2867 1131 2950 prom-molientis
1145 2865 1302 2944 demum,
1321 2877 1420 2945 quan·

314 2969 505 3052 doquidem
529 2973 669 3036 cunctis
701 2979 803 3054 patet
835 2973 1139 3058 significationem
1172 2972 1357 3053 propriam
1382 2981 1421 3027 sc
1511 3051 1512 3054 Ἴ

314 3093 537 3140 communem
555 3078 762 3157 verborum,
782 3097 923 3143 necnon
942 3079 1215 3159 usurpationem
1233 3072 1418 3140 vocabulo-

313 3201 391 3246 rum
409 3183 446 3246 in
463 3201 568 3246 sensu
584 3183 749 3248 technico
775 3191 884 3267 atque
902 3185 1102 3250 scientifico
1122 3201 1194 3248 uon
1213 3199 1347 3264 paucas
1363 3175 1419 3241 dii·

314 3290 494 3354 ticultates
511 3297 547 3354 et
560 3291 669 3354 dubia
685 3291 722 3354 in
738 3291 923 3356 substrata
941 3291 1095 3356 materia
1112 3289 1270 3354 solvere.

405 3397 478 3459 103.
528 3395 631 3460 Duae
659 3397 879 3478 praecipuae
905 3413 1039 3462 causae
1067 3400 1328 3460 enumerantur
1354 3406 1419 3453 sus·

315 3502 498 3582 pensionis
512 3502 696 3566 foederum
714 3503 1060 3578 internetionalium,
1089 3501 1279 3579 videlicet,
1300 3496 1420 3562 bellum

316 3613 424 3687 atque
441 3607 715 3672 inobservantia
747 3609 1019 3690 obligationum:
1041 3607 1091 3672 1.ο
1110 3605 1322 3671 occassione
1349 3598 1419 3666 belli

316 3713 583 3794 suspenduntur
605 3715 700 3779 inter
718 3716 882 3780 nationes
901 3721 1009 3796 pacta
1039 3731 1133 3795 quae
1153 3711 1421 3778 denominantur

315 3820 478 3901 socialia,
512 3822 562 3884 uti
591 3823 809 3902 commercii,
852 3823 1112 3903 navigationis,
1147 3819 1417 3886 conventionum

315 3975 500 3984 -----—--.--.-

388 4130 425 4192 (l)
462 4129 503 4180 De
516 4129 747 4196 interpretatione
760 4145 837 4182 cons,
850 4133 978 4182 nostrum
992 4143 1073 4194 opus,
1087 4132 1132 4182 cui
1143 4129 1253 4182 titulus:
1266 4115 1418 4180 insoluta
1510 4079 1512 4170 i

318 4195 652 4338 Lazgaffccleatoslirum,
666 4203 723 4252 turn
739 4197 880 4266 Geaerole,
896 4201 953 4252 lum
966 4195 1157 4267 Hispanicum,
1179 4215 1239 4266 cap.
1267 4199 1288 4266 1,
1310 4201 1356 4249 art.
1377 4187 1419 4250 Vl,
