3028 4992
540 371 719 428 -393-

162 513 214 578 63.
263 514 435 578 Attamen
463 521 688 578 memoratae
712 513 996 596 praerogativae
1016 529 1192 578 nonnum-

87 639 180 702 quam
214 639 361 686 cessare
387 626 551 704 possuut;
593 621 725 685 etenim
751 621 811 701 Jus
838 618 1191 702 repraesentationis

88 727 214 808 desinit,
230 733 304 792 tum
319 745 399 814 cum
417 728 591 792 Rectores
607 725 772 792 Statuum
786 743 914 791 veram
932 731 968 788 et
985 725 1191 789 absolutam

14 895 16 898 .
87 835 332 915 suprematiam
348 853 421 899 non
434 835 610 916 obtinent,
625 841 700 898 tum
717 834 827 897 etiam
861 832 1005 914 quando
1036 831 1192 896 forsitan
1234 889 1236 893 ,

14 1019 15 1028 ¹
86 941 259 1006 exthrouo
273 942 334 1006 vel
351 958 371 1004 e
388 942 544 1006 culmine
576 941 769 1023 potestatis
797 939 1015 1019 exciderint,
1035 939 1121 1020 quia
1153 937 1192 1000 in

14 1043 15 1094 ἲ
86 1053 226 1130 utroque
242 1065 329 1112 casu
342 1049 408 1112 sub
422 1053 593 1130 respectu
609 1047 884 1112 internetionali
908 1051 1095 1128 nequeunt
1122 1044 1192 1106 sibi

86 1152 263 1218 adsumere
276 1155 471 1235 juridicam
489 1171 708 1218 summorum
732 1153 990 1235 imperantium
1016 1167 1189 1233 persona·

85 1257 226 1342 litatem,
244 1261 620 1343 quippetunceorum
648 1261 819 1324 voluntas
848 1259 947 1322 nullo
975 1262 1083 1339 paeto
1111 1273 1190 1338 spe·

14 1369 15 1414 ἰ
84 1365 167 1428 ctari
200 1367 302 1432 valet
334 1373 519 1449 tamquam
554 1367 713 1448 genuina
745 1367 932 1447 expressio
963 1371 998 1428 et
1026 1362 1192 1428 formalis

14 1493 15 1504 2
84 1470 289 1552 significatio
326 1473 527 1538 voluntatis
556 1471 691 1536 Status.
728 1469 831 1551 Quod
863 1487 951 1536 vero
985 1470 1116 1532 attinet
1145 1467 1193 1530 ad

14 1575 15 1626 ἒ
84 1580 483 1644 extraterritorialitatis
499 1579 744 1662 privilegium,
764 1579 1014 1661 exemptiones
1029 1593 1073 1640 ao
1087 1591 1191 1658 prae·

14 1675 16 1728 5
85 1679 268 1765 rogativae'
280 1703 327 1750 ex
344 1687 423 1768 ipso
439 1686 630 1751 derivatae
644 1685 681 1750 vi
700 1690 737 1749 et
767 1685 896 1750 valore
930 1683 1189 1746 destituuntur:

84 1790 110 1870 ²)
125 1793 154 1854 si
170 1792 244 1856 Rex
260 1797 325 1856 aut
341 1791 495 1857 Praeses
513 1799 659 1857 exteras
683 1792 852 1873 regiones
869 1807 1086 1873 peragrans,
1106 1806 1194 1852 non·

85 1897 210 1962 dumiu
237 1899 290 1962 eis
318 1900 528 1980 recognitus
553 1903 621 1978 est;
637 1896 664 1982 b)
693 1897 837 1980 quando
872 1897 983 1960 alicui
1011 1896 1101 1977 Regi
1134 1894 1195 1959 vel

86 2001 232 2086 Principi
250 2005 424 2086 explicite
441 2006 551 2069 luerit
568 2010 730 2067 velatum
748 2003 794 2066 ad
818 2003 1063 2067 determinata
1081 2001 1193 2064 domi-

14 2099 15 2102 ’
86 2111 139 2172 nia
154 2112 265 2193 adire;
286 2117 311 2191 ο)
333 2129 413 2176 curn
431 2110 567 2176 Summi
583 2111 810 2192 Imperantes
833 2111 871 2173 in
901 2115 1049 2172 exteras
1076 2109 1190 2171 natio-

80 2231 143 2280 nes
159 2219 299 2282 occulte
315 2219 581 2300 ingrediuntur3
597 2214 624 2297 l)
640 2217 781 2299 quoties
814 2216 948 2280 bellum
978 2232 1057 2278 oum
1090 2213 1193 2278 Statu

86 2321 263 2390 invisendo
295 2329 438 2406 gerunt3
456 2325 482 2408 ⁰)
509 2323 810 2406 quandocumque
841 2321 1030 2402 Principes
1054 2321 1124 2382 iter
1141 2319 1193 2382 fa-

87 2429 385 2512 ciuntinStatus,
404 2423 534 2512 quibus
562 2429 802 2510 snbjiciuntur
830 2428 891 2492 vel
923 2427 1110 2491 deservire
1142 2433 1193 2488 te-

87 2543 217 2601 nentur.
418 2523 420 2526 ’

165 2643 218 2708 64.
269 2642 673 2707 Praemonendumesse
691 2641 853 2706 ducimus
870 2639 1100 2718 MonarcheS,
1116 2638 1195 2702 sive

88 2745 323 2830 Imperatores
341 2749 420 2814 sive
436 2749 554 2830 Reges
570 2749 654 2829 sint,
670 2766 743 2812 uon
756 2747 883 2811 eadem
901 2745 1194 2810 consideratione

88 2855 235 2933 gaudere
265 2857 385 2940 quoad
419 2855 583 2920 ordinem
612 2855 829 2918 relationum
859 2851 1196 2917 internetionallum

89 2977 128 3022 ao
141 2960 328 3027 Praesides
346 2961 524 3041 Statuum,
542 2962 676 3042 quippe
699 2961 748 3039 ni,
764 2960 873 3040 juxta
901 2959 1196 3024 constitutionem

89 3067 262 3144 politicam
278 3068 655 3150 Rerumpnblicarum,
677 3073 801 3147 utpote
819 3073 1000 3148 potestate
1018 3063 1194 3127 exsecuti·

89 3187 132 3234 va
146 3177 282 3238 tautum
296 3173 476 3252 instructi,
495 3172 640 3236 minime
665 3187 754 3235 vero
780 3169 999 3234 auctoritate
1012 3183 1196 3248 suprema,

89 3281 232 3358 quaein
250 3281 397 3346 natione
416 3279 564 3358 residet,
594 3277 700 3357 hujus
734 3293 926 3358 personam
955 3281 1069 3354 agunt
1099 3273 1198 3336 intra

89 3382 209 3452 limites
222 3394 333 3470 atque
351 3387 525 3467 maj0rem
543 3386 605 3452 vel
617 3385 792 3450 minorem
821 3382 1070 3446 extensionem
1097 3395 1196 3442 man-

90 3490 155 3557 dati
172 3496 259 3577 ipsis
277 3494 471 3586 commissi.

167 3601 272 3682 Hinc,
290 3600 458 3684 quamvis
475 3597 665 3664 Praesides
682 3593 1044 3676 Rerumpublicarum
1056 3592 1199 3671 juribus

88 3707 427 3790 repraesentationis
441 3711 477 3770 et
494 3701 903 3768 extraterritorialitatis
916 3699 1118 3781 generatim
1137 3715 1194 3779 po·

88 3813 227 3896 riantur,
247 3813 352 3878 adest
369 3819 491 3876 tamen
508 3813 603 3874 inter
620 3827 682 3873 eos
699 3825 743 3872 ac
772 3807 888 3888 Reges
922 3805 1056 3886 triplex
1075 3803 1199 3868 discri-

87 3935 172 3984 men:
193 3919 244 3986 1.⁰
260 3919 458 3988 secundum
484 3935 567 3982 usus
591 3914 904 3992 internetionales,
924 3911 1060 3974 diversi
1085 3910 1199 3972 natio-

88 4044 162 4092 num
171 4028 497 4094 Monarchaeinter
507 4041 588 4090 sese
601 4023 781 4088 habentur
792 4021 906 4086 veluti
922 4019 1085 4083 membra
1095 4017 1201 4080 unius

88 4135 314 4216 ejusdemque
331 4133 506 4212 familiae,
526 4137 563 4195 et
579 4129 659 4194 ideo
677 4128 804 4192 insuia
821 4125 1060 4191 relationibus
1074 4141 1200 4188 omnes

89 4248 234 4308 eventus
250 4256 447 4324 prosperos
467 4237 528 4302 vel
544 4236 720 4301 adversos
732 4233 802 4298 sibi
815 4231 1097 4312 communicare,
1116 4247 1204 4294 nec·
