3096 4986
564 355 725 414 ...15-

76 495 336 577 tranquillitati
353 497 542 562 societatis
561 497 807 580 expediverit,
837 515 965 564 necne:
1001 517 1089 582 ergo
1118 501 1208 584 ipris

78 605 253 684 competit
260 603 322 684 jus
334 603 499 670 nativum
516 608 649 692 replum
665 614 877 690 coaequatur
892 609 1104 674 exercendi.

159 707 277 791 Resp.
297 710 349 774 1.⁰
364 709 401 775 Si
429 721 581 793 propter
597 712 750 778 tutelam
767 721 804 777 et
817 717 1136 780 conservationem
1152 733 1208 780 so·

77 815 219 880 rietatis
233 817 369 898 civilis,
384 835 526 882 necnon
540 818 585 882 ob
599 823 734 883 metum
748 821 809 884 vel
823 821 1071 901 conjecturam
1087 828 1208 886 extra·

77 922 306 988 limitationis
317 923 478 988 Statibus
491 931 528 990 et
539 923 696 1007 Regibus
713 927 843 992 liceret
861 928 962 1009 prius
979 928 1105 992 videre
1120 933 1156 992 et
1172 929 1210 992 in

79 1045 232 1094 examen
258 1047 397 1096 vocare
425 1030 615 1096 Pontificia
646 1031 821 1113 Decreta,
855 1033 975 1096 simile
1003 1034 1063 1114 jos
1096 1035 1209 1099 multo

79 1137 188 1218 magis
206 1136 401 1201 Ecclesiae
419 1143 644 1219 competeret
662 1155 752 1219 erga
767 1139 868 1220 leges
887 1139 1030 1220 civiles,
1051 1142 1209 1205 maxime

80 1257 154 1306 oum
171 1243 409 1324 experientia
428 1244 563 1326 passim
582 1245 752 1308 ostendat
768 1245 915 1310 easdem
931 1247 1077 1328 saepius
1106 1247 1209 1328 leges

79 1348 220 1413 divinas
240 1343 443 1414 offendisse
461 1357 523 1414 sut
536 1356 664 1432 aperte
677 1351 790 1415 fuisse
804 1357 1067 1434 transgressam
1085 1358 1210 1418 tamen

81 1452 258 1536 Ecclesia,
290 1457 358 1520 etsi
389 1456 585 1539 aliquando
605 1463 687 1539 post
703 1457 841 1522 iactum
861 1459 963 1540 leges
983 1460 1112 1522 civiles
1128 1460 1209 1522 irri-

81 1563 226 1642 taverit,
244 1580 429 1644 nunquam
443 1563 557 1628 veluti
571 1564 788 1645 principium
798 1566 926 1630 statuit
942 1563 1002 1628 vel
1017 1563 1210 1648 requisivit

82 1669 362 1748 praeventivam
377 1671 695 1751 approbationem:
713 1689 810 1736 nunc
828 1689 929 1752 vero,
943 1690 1052 1736 nemo
1083 1672 1144 1754 qui
1162 1673 1210 1736 sit

82 1775 281 1840 catholicus
298 1775 494 1840 contendet
512 1777 690 1842 minorem
717 1794 797 1841 esse
812 1779 1069 1842 auctoritatem
1085 1778 1210 1843 Eccle-

84 1881 153 1942 siae
169 1899 282 1963 quam
298 1879 435 1963 Status,
454 1881 514 1947 vel
533 1883 651 1947 minos
665 1884 869 1966 periculum
885 1884 1109 1964 intrusionis,
1129 1902 1211 1950 eum

84 1985 142 2050 illa
156 1990 205 2052 sit
224 1989 383 2053 societas
395 1990 562 2071 superior
580 1990 708 2054 ordine
722 1995 759 2054 et
776 2009 842 2074 pro
856 2005 897 2055 ee
910 1991 1046 2056 habeat
1065 1992 1210 2056 divinas

86 2095 354 2175 promissiones,
372 2094 444 2159 iste
462 2111 552 2160 vero
567 2099 687 2160 exstet
703 2097 860 2162 societas
877 2098 1029 2162 inferior
1046 2105 1083 2162 et
1100 2099 1209 2162 ratio·

87 2215 126 2262 ne
151 2199 235 2264 linis
264 2199 517 2282 subordinate,
547 2207 656 2284 atque
680 2219 943 2284 saepenumero
970 2204 1210 2285 gravissimas

87 2303 118 2368 in
129 2323 187 2370 res
199 2305 473 2370 ecclesiasticas
488 2307 698 2372 invasiones
712 2305 997 2391 perpetraverit:
1017 2307 1069 2372 2.⁰
1086 2327 1210 2391 quam-

88 2409 137 2474 vis
148 2410 341 2494 Principes
358 2413 419 2476 vel
440 2412 669 2495 Imperantes
682 2415 741 2494 ius
759 2415 921 2480 habeant
937 2415 1157 2496 invigilandi
1175 2420 1212 2479 et

90 2517 241 2582 cavendi
258 2535 305 2582 ne
318 2518 404 2598 jura
421 2517 544 2583 Status
561 2520 758 2602 violentur,
776 2525 947 2586 tenentur
965 2522 1071 2585 simul
1089 2521 1211 2586 officio

90 2624 252 2688 servandi
271 2623 605 2692 subordinationem
638 2627 755 2692 ordini
772 2628 967 2710 superiori,
986 2629 1038 2692 ita
1057 2635 1107 2710 ut,
1127 2629 1212 2694 dum

89 2727 149 2794 sibi
164 2737 202 2794 et
217 2731 386 2795 societati
402 2731 491 2813 ipsis
524 2734 741 2799 commissae
770 2740 943 2816 caveant,
966 2735 1052 2815 jura
1070 2736 1212 2816 maj0ra

91 2837 299 2902 stultiorem
315 2843 533 2920 potestatem
546 2840 693 2904 minime
706 2840 911 2922 offendant3
928 2859 998 2922 age
1012 2843 1102 2924 jam,
1130 2859 1212 2906 cum

92 2937 204 3008 Status
220 2943 364 3008 ratione
379 2943 460 3008 finis
478 2945 698 3010 sublimioris
716 2951 827 3029 atque
843 2948 1005 3028 supremi
1022 2947 1213 3012 Ecclesiae

93 3048 132 3112 sit
146 3051 418 3130 subordinatus,
438 3051 491 3116 uti
508 3052 645 3134 pluries
672 3051 1015 3134 demonstravimus,
1049 3053 1213 3134 eiusdem

91 3151 333 3221 Moderatores
349 3157 449 3221 nullo
467 3164 576 3240 pacto
592 3176 737 3223 sacram
753 3157 944 3224 Ecclesiae
966 3159 1213 3242 independen-

92 3261 171 3328 tiam
187 3262 336 3328 laedere
349 3269 502 3345 possunt
513 3268 708 3347 praetextu
725 3265 794 3329 sibi
808 3266 965 3330 cavendi
982 3266 1212 3348 appositione

87 3369 197 3451 ploret
212 3371 274 3436 vel
290 3371 468 3434 exercitio
485 3380 706 3455 coaequatur:
726 3373 781 3436 3.⁰
799 3371 957 3450 demum,
977 3377 1213 3452 praetensum

90 3475 141 3555 J’ue
151 3476 308 3542 cavendi
336 3475 383 3540 ab
410 3475 589 3557 Ecclesia,
609 3479 705 3560 quod
721 3479 793 3543 sibi
821 3481 996 3560 arrogant
1023 3477 1212 3561 Principes

94 3585 177 3667 regio
190 3591 398 3667 assequatur
412 3587 568 3666 utentes,
582 3588 731 3667 praeter
745 3586 960 3666 injuriosum
974 3603 1123 3666 prorsus
1135 3586 1211 3650 inu·

94 3687 148 3754 tile
166 3689 302 3770 evadit;
336 3690 469 3754 etenim
498 3691 599 3774 leges
627 3692 821 3776 generales
849 3691 1039 3758 Ecclesiae
1068 3709 1213 3775 semper

92 3795 204 3875 justae
221 3801 258 3861 et
274 3801 399 3862 rectae
415 3803 511 3880 sunt;
541 3799 597 3864 sin
614 3816 703 3864 vero
721 3798 922 3881 aliquando
941 3798 977 3862 in
995 3815 1083 3862 casu
1100 3797 1213 3878 parti·

95 3903 201 3968 culari
218 3902 280 3968 vel
293 3902 537 3968 determinata
549 3905 698 3988 regione
712 3905 758 3970 ob
771 3905 948 3987 specialia
963 3905 1138 3986 adjuncta
1154 3902 1213 3966 de-

94 4011 295 4077 trimentum
307 4011 412 4093 sequi
427 4009 563 4096 posset,
579 4013 734 4078 habetur
761 4029 932 4078 recursus
952 4011 1132 4092 adipeam
1151 4028 1212 4074 au·

95 4119 292 4182 cleritatem
308 4115 509 4202 Ecclesiae,
528 4137 634 4203 quae,
654 4121 746 4184 duce
760 4119 971 4201 prudentia,
992 4123 1029 4182 et
1046 4117 1212 4182 omnibus

96 4223 158 4290 rite
172 4223 376 4306 perpensis,
396 4221 569 4291 decernet
596 4226 682 4310 quid
709 4227 747 4290 in
780 4242 868 4288 casu
894 4223 1095 4306 conflictus,
1114 4222 1215 4287 dubii
