3038 4994
778 352 959 412 -282-

304 513 437 578 electio
455 513 552 596 regis
570 514 748 596 lactaper
766 513 954 596 Principes
980 513 1200 580 Germaniae
1225 514 1391 580 debebat
1419 535 1446 581 a

303 619 406 702 Papa
419 621 639 701 confirmari3
655 627 691 684 et
708 620 824 685 solum
849 621 1027 701 eiusmodi
1043 622 1233 686 sanctione
1251 623 1444 688 acceden-
1514 611 1515 684 ³

304 733 354 810 te,
373 729 512 794 electus
529 729 566 793 in
584 727 848 811 Imperatorem
860 729 1104 811 principatum
1129 730 1276 794 civilem
1305 733 1445 812 acqui·

304 835 411 900 rebat
426 836 471 900 ob
489 835 695 917 praefatam
713 833 882 899 unionem
907 834 1094 916 dignitatis
1119 835 1322 918 imperialis
1348 853 1444 902 cum
1514 843 1515 928 l

303 943 428 1024 regnis
446 940 665 1007 Germanico
683 951 720 1005 et
736 940 865 1004 ltalico
879 941 939 1024 (1);
954 940 1016 1022 δὲ’,
1034 941 1118 1024 quia
1134 941 1265 1006 electio
1283 959 1332 1006 ex
1349 961 1444 1024 par·
1514 951 1515 1030 j

304 1055 341 1115 te
358 1051 571 1133 eligentium
589 1052 669 1114 erat
685 1067 829 1131 semper
846 1049 1107 1132 conditionata,
1128 1056 1238 1133 atque
1252 1067 1299 1114 ex
1324 1056 1444 1132 parte
1514 1043 1515 1114 ᾗ

304 1156 423 1220 alecto
434 1156 593 1222 conditio
607 1155 780 1238 explicite
794 1155 855 1220 vel
868 1155 1044 1238 implicite
1057 1162 1264 1238 acceptata,
1283 1173 1441 1240 nempe,

304 1261 497 1327 dummodo
515 1279 674 1343 persona
692 1261 863 1326 electain
895 1261 1029 1343 Regem
1059 1261 1168 1343 digna
1200 1267 1310 1344 esset,
1342 1269 1388 1327 ut
1419 1283 1443 1328 a

304 1367 481 1434 Pontiflce
499 1369 536 1432 in
549 1367 811 1450 Imperatorem
828 1385 972 1450 quoque
989 1367 1201 1450 eligeretur,
1216 1385 1284 1434 uec
1300 1375 1443 1452 postea
1514 1363 1515 1420 l

305 1475 537 1540 occasionem
555 1475 750 1558 praeberet
767 1473 900 1538 Christi
925 1473 1071 1539 Vicario
1106 1492 1208 1539 suam
1239 1476 1441 1540 confirma·

304 1583 439 1644 tionem
457 1580 681 1644 retractandi
713 1585 777 1644 aut
804 1579 1044 1660 invalidandl;
1077 1583 1214 1645 etenim
1241 1581 1442 1666 Principes

305 1688 497 1768 electores,
508 1687 653 1768 plurimi
665 1687 843 1750 facientes
858 1688 1180 1768 praeeminentiam
1197 1687 1441 1770 Imperialem

304 1795 343 1857 in
368 1811 432 1857 suo
461 1793 571 1875 Rege,
606 1799 719 1857 totam
754 1811 878 1858 curam
904 1793 1164 1875 impendebant
1193 1795 1365 1876 eligendo
1401 1797 1440 1859 in
1514 1791 1515 1866 l

305 1899 576 1982 praefecturam
595 1899 709 1981 Regni
723 1899 930 1964 Germanici
948 1899 1122 1982 Principi,
1142 1901 1202 1983 qui
1221 1900 1355 1983 dignus
1373 1903 1440 1966 ha·
1514 1947 1515 1992 ᾗ

304 2007 453 2072 beretur
483 2005 580 2088 apud
611 2005 810 2070 Romanum
843 2005 1051 2070 Pontificem
1082 2007 1282 2089 recipiendi
1314 2007 1440 2090 Impe·
1514 2031 1515 2042 ¹

305 2113 411 2194 rium,
427 2131 494 2176 nec
511 2114 683 2194 deinceps
696 2113 864 2195 indiguus
882 2114 985 2178 fleret
1009 2115 1214 2198 hujusmodi
1240 2117 1439 2198 egregium

273 2201 278 2212 ’
306 2219 450 2282 titulum
465 2219 628 2300 gerendi.

395 2325 450 2390 Ex
481 2326 586 2390 dictis
619 2331 721 2407 patet
745 2325 975 2390 amissionem
1006 2326 1194 2408 dignitatis
1228 2327 1438 2409 imperialis

304 2449 378 2496 non
396 2432 501 2495 modo
515 2433 723 2495 necessario
738 2433 936 2512 importare
950 2434 1255 2514 exspoliationem
1269 2437 1438 2499 muneris
1514 2453 1515 2484 1

305 2539 548 2603 ecclesiastici
567 2539 768 2603 Ecclesiam
787 2539 1004 2604 defendendi
1030 2545 1066 2605 et
1093 2540 1287 2623 quamdam
1302 2559 1436 2623 praee·
1514 2563 1515 2604 t

305 2645 516 2710 minentiam
530 2663 640 2728 supra
654 2650 821 2710 caeteros
839 2643 1093 2712 Occidentales
1111 2649 1298 2730 Principes
1310 2656 1434 2714 osten·

305 2749 426 2831 deudi,
443 2753 633 2816 sedetiam
651 2752 943 2817 indeclinabilem
962 2757 1205 2835 privationem
1230 2771 1431 2837 regnorum

306 2852 526 2920 Germaniae
544 2863 580 2920 et
596 2857 739 2938 Italiae3
759 2861 795 2922 et
811 2857 880 2922 hoc
897 2858 1041 2939 quidem
1059 2877 1104 2924 ex
1125 2861 1205 2942 ipsa
1234 2860 1432 2924 voluntate
1514 2871 1515 2926 l

279 2961 517 3042 eligentium
535 2969 730 3045 acceptata
747 2966 793 3027 ab
811 2965 940 3028 electo:
974 2971 1169 3048 eapropter
1190 2983 1270 3030 cum
1287 2965 1324 3030 S.
1345 2964 1436 3032 Gre·

305 3069 429 3150 gorius
447 3069 516 3132 VII
529 3068 724 3134 Henricum
742 3069 792 3134 IV
813 3071 1011 3150 justissime
1044 3071 1224 3154 deposuit,
1240 3071 1433 3136 Electores
1514 3057 1515 3060 ¹

306 3173 515 3240 Germanici
544 3176 689 3240 minime
721 3176 800 3239 ausi
824 3181 909 3240 sunt
940 3185 1126 3242 strenuum
1150 3177 1363 3244 Pontificem
1389 3179 1434 3242 de
1514 3203 1515 3232 ÷

306 3282 543 3363 usurpatione
561 3282 620 3344 vel
638 3281 816 3362 injustitia
832 3287 980 3364 patrata
1004 3299 1192 3363 accusare,
1224 3283 1288 3348 sed
1306 3291 1432 3350 contu·
1514 3317 1515 3374 3

305 3389 400 3450 maci
418 3388 634 3470 Imperatori
652 3393 793 3470 tempus
818 3389 1079 3470 praefinierunt
1095 3389 1141 3453 ad
1172 3390 1340 3455 Pontifici
1375 3409 1431 3455 sa·

305 3495 574 3576 tisiaciendum,
593 3511 639 3559 ne
658 3499 844 3558 transacto
858 3513 953 3558 anno
967 3497 1366 3579 excommunicationis,
1394 3499 1430 3561 iu
1514 3487 1515 3570 i

305 3601 468 3665 solemne
485 3601 680 3666 anathema
698 3601 914 3680 incurreret,
933 3607 1043 3684 atque
1056 3603 1129 3666 suis
1143 3603 1285 3684 juribus
1304 3605 1431 3669 catho·
1514 3613 1515 3694 ξ

304 3705 402 3778 lioae
419 3709 660 3772 communioni
679 3707 875 3772 vinculatis
889 3709 1033 3772 omniuo
1052 3709 1323 3776 destitueretur.

398 3812 532 3895 “Igitur
550 3832 618 3879 nec
631 3815 788 3897 dignitas
805 3813 1010 3896 Imperialis
1028 3821 1109 3880 erat
1122 3833 1270 3898 prorsus
1284 3817 1430 3882 inamis·

378 4095 415 4161 (l)
452 4093 628 4146 blonendum
643 4098 687 4148 est
709 4095 802 4161 Reges
816 4097 891 4148 illius
904 4095 1043 4162 temporis
1065 4102 1096 4150 ut
1121 4098 1273 4165 plurimum
1297 4097 1430 4152 feudales
1514 4105 1515 4170 l

306 4179 382 4226 esse,
395 4181 427 4217 ac
438 4166 556 4230 proinde
568 4165 623 4218 sub
635 4165 706 4233 ipsis
718 4167 865 4220 exstitisse
880 4168 985 4220 multos
1001 4169 1145 4236 principes
1155 4176 1184 4223 et
1206 4171 1336 4224 civitates
1361 4169 1429 4222 libe·
1514 4177 1515 4246 l

303 4251 352 4288 ras
364 4235 423 4289 vim
434 4241 573 4289 armatam
587 4236 735 4291 habentes
