3062 4994
539 390 721 451 -131...

92 549 170 614 quae
190 533 255 614 ipsi
271 533 308 598 in
335 532 473 598 haecce
487 532 660 616 religiosa
676 532 759 597 loca
776 534 999 615 competunt,
1035 531 1189 598 novissi·

93 639 266 706 [incivilis
283 641 513 706 auctoritatis
531 641 881 724 praescriptionibus
908 658 989 706 sese
1006 662 1191 708 accommo-

90 745 184 827 darit,
200 751 270 810 tum
288 747 375 830 quia
388 748 593 812 conformes
610 747 781 814 videntur
795 765 885 812 suae
902 747 1136 830 legislationi,
1153 752 1193 812 ut

28 907 29 912 ,
92 869 219 916 numero
245 854 685 936 sequentiastendemus,
715 859 791 918 tum
825 854 911 936 quia
927 871 1191 935 saepenumero

93 958 180 1022 utiles
192 960 414 1042 reipublicae
428 960 599 1042 evadunt,
617 965 693 1026 tum
708 960 795 1043 quia
817 961 954 1026 inutilis
978 964 1015 1026 et
1026 961 1191 1043 impossi-

93 1063 160 1128 bilis
171 1071 262 1130 esset
275 1067 460 1149 quaelibet
472 1067 693 1134 resistentia.

166 1171 214 1238 74.
263 1172 365 1238 Mens
382 1173 570 1238 Ecclesiae
584 1175 684 1238 circa
701 1173 965 1256 praelationem
997 1177 1034 1238 et
1062 1191 1193 1238 conve·

94 1277 246 1343 pientiam
276 1279 348 1344 loci
380 1279 602 1344 christianae
631 1281 843 1363 sepulturae
870 1280 1015 1346 dicandi
1048 1280 1194 1346 videtur

92 1399 215 1466 semper
238 1385 364 1467 luisse,
399 1391 437 1450 ut
463 1387 623 1450 fidelium
651 1403 808 1468 corpora
838 1403 911 1450 non
943 1386 980 1450 iu
1006 1385 1192 1466 Ecclesia,

93 1491 200 1556 sedin
225 1490 462 1558 Coemeteriis
494 1493 733 1576 sepeliantur3
768 1492 945 1574 ejusmodi
976 1493 1195 1558 sententiam

93 1600 122 1660 et
134 1596 313 1664 Ecclesiae
328 1600 566 1664 intentionem
596 1601 651 1666 fas
676 1603 732 1665 est
749 1599 935 1682 colligere:
963 1598 991 1679 ⁸)
1011 1616 1056 1663 ex
1076 1599 1195 1663 veteri

93 1703 276 1788 disciplina,
296 1725 391 1789 quae
408 1708 572 1790 profecto
588 1725 661 1772 non
693 1707 902 1789 patiebatur
936 1706 1093 1770 omnium
1111 1704 1194 1770 fide·

95 1809 163 1875 lium
175 1813 359 1877 cadavera
375 1814 540 1878 absolute
558 1817 668 1896 atque
684 1812 1000 1877 indiscriminatim
1016 1813 1054 1876 in
1071 1813 1195 1877 Eccle-

94 1917 142 1982 siis
166 1921 347 2001 tumulari;
367 1921 513 2002 etenim,
548 1924 586 1984 ut
619 1921 743 2002 ajebat
774 1919 809 1986 S.
844 1918 1054 2003 Gregorius:
1088 1921 1196 1986 Nemo

95 2025 124 2088 ia
146 2025 300 2091 Ecclesia
331 2027 533 2111 sepeliatur,
564 2028 634 2094 uisi
659 2027 751 2112 forte
778 2027 860 2092 talis
887 2028 933 2092 sit
954 2047 1107 2110 persona
1134 2026 1196 2090 Sa-

96 2133 234 2214 cerdotis,
252 2140 315 2198 aut
331 2135 478 2200 atterius
492 2136 579 2220 justi
596 2135 753 2215 hominis,
772 2135 831 2218 qui
842 2153 909 2218 par
934 2135 1023 2198 vitae
1038 2133 1198 2198 meritum

96 2239 178 2304 talem
189 2241 334 2306 macario
351 2262 412 2306 suo
431 2243 569 2326 corpori
582 2241 742 2326 defuncto
769 2241 881 2306 iocum
906 2241 1108 2324 acquisierit
1135 2239 1202 2321 (1)·,

106 2341 125 2422 ll
138 2347 355 2430 expluribus
371 2348 535 2412 conciliis
553 2348 651 2430 apud
675 2347 841 2412 diversas
858 2347 1027 2428 regiones
1044 2345 1198 2428 antiqui·

97 2455 139 2515 tus
168 2453 312 2535 habitis,
343 2455 560 2536 praesertim
579 2471 668 2519 vero
697 2455 733 2518 in
750 2452 915 2518 Ecclesia
931 2452 1131 2534 Hispanica
1163 2456 1199 2517 et

95 2554 230 2642 Gallica,
264 2560 303 2624 in
334 2561 462 2642 quibus
493 2577 652 2624 canones
677 2577 851 2642 expresse
879 2559 967 2624 editi
984 2562 1067 2622 sunt
1093 2575 1197 2641 prae-

96 2663 251 2746 cipientes
270 2665 330 2730 vel
347 2666 549 2748 hortantes,
568 2671 607 2733 ut
636 2665 855 2730 coemeteria
872 2665 1074 2743 generatim
1092 2671 1198 2730 extra

95 2772 486 2855 templaconderentur3
506 2772 705 2855 etquidem
736 2775 881 2836 constat
913 2771 1048 2836 alicubi
1078 2773 1199 2854 gratia

95 2877 325 2944 concordandi
357 2879 629 2944 ecclesiasticas
646 2878 956 2961 praescriptiones
973 2883 1010 2942 et
1035 2878 1198 2960 piachri·

96 2983 278 3050 ettenorum
307 2991 396 3052 vota
423 2985 593 3068 sepulcra
610 2991 733 3050 erecta
750 2986 861 3050 luisse
878 2986 968 3050 locis
985 2987 1099 3050 sacris
1116 3004 1198 3050 con-

93 3087 214 3173 juncta,
233 3096 274 3156 ut
289 3091 342 3156 ita
359 3092 555 3156 satisfieret
573 3091 794 3156 distinctioni
811 3091 991 3156 ecclesiae
1008 3097 1045 3156 et
1061 3109 1199 3156 coeme-

97 3196 175 3277 terii,
192 3198 370 3279 simulque
387 3197 575 3262 devotioni
592 3199 763 3264 fidelium:
781 3203 806 3277 0)
824 3215 870 3262 ex
887 3197 1020 3262 Rituali
1038 3197 1198 3262 Romano

93 3298 182 3377 jussu
196 3303 299 3367 Pauli
315 3303 347 3368 V
363 3289 473 3386 edito,
491 3305 529 3368 in
561 3322 631 3388 quo
649 3306 775 3370 eadem
793 3304 986 3386 disciplina
1014 3303 1197 3368 statuitur:
1213 3305 1222 3322 '

98 3406 145 3470 ubi
158 3411 240 3494 aipet
257 3411 402 3494 antiqua
419 3413 625 3477 cousuetudo
641 3412 829 3496 sepeliendi
846 3417 998 3476 mortuas
1015 3410 1053 3474 ia
1069 3408 1199 3476 Coeare·

101 3515 182 3596 teria,
197 3518 398 3598 retineatur,
415 3527 447 3584 et
464 3520 521 3584 ubi
534 3520 612 3606 fieri
623 3527 750 3603 potest,
769 3519 986 3584 restituatur.

173 3622 351 3700 Attamen,
371 3626 537 3707 quamvis
555 3625 638 3690 talis
656 3627 703 3690 sit
720 3643 821 3690 mens
839 3629 876 3688 et
896 3623 1045 3706 spiritus
1076 3622 1200 3688 Eccle-

100 3724 174 3811 siae,
189 3729 256 3796 hac
273 3733 489 3818 quaestione
503 3731 659 3814 jnridice
686 3737 865 3815 spectata,
898 3732 1110 3812 contingere
1139 3749 1201 3812 po·

101 3835 168 3918 test,
184 3844 221 3904 ut
233 3841 353 3906 civilis
370 3837 570 3904 auctoritas
588 3840 781 3904 nonnullos
799 3839 932 3904 abusus
961 3841 1150 3921 perpetrat
1166 3841 1203 3900 et

100 3937 183 4022 leges
196 3959 282 4012 vere
295 3946 452 4028 injustas
464 3943 534 4010 hac
548 3943 595 4010 de
612 3963 652 4012 re
669 3946 776 4028 ferat,
799 3943 1001 4026 cujusmodi
1017 3944 1151 4008 essent:
1172 3940 1201 4024 ⁵)

98 4128 267 4148 *¹*-

91 4303 96 4311 -
139 4289 193 4356 u)
228 4285 473 4358 narvvpuaq.
513 4319 515 4326 ,
