3028 4992
557 367 737 428 ..309-

93 509 137 572 da
152 509 377 591 injuriasque
394 510 675 594 propulsandas,
693 529 821 576 verum
839 509 950 574 etiam
974 510 1020 574 ad
1034 511 1207 575 essentia·

96 616 157 678 lem
174 615 390 681 civilitatem
405 616 721 698 propugnandam,
737 616 833 698 quod
847 615 992 698 quidem
1006 615 1142 680 nullam
1155 617 1206 680 in·

89 722 216 802 iuriam
233 725 298 786 aut
316 721 486 786 damnum
504 721 648 804 populis
673 722 842 787 barbaris
860 723 983 803 infert,
999 721 1063 786 sed
1088 723 1207 803 potius

95 828 283 908 pretiosum
302 827 522 910 udJ'utorium
536 829 588 893 eis
612 829 778 911 praebet,
800 832 839 892 ut
863 846 883 892 e
908 833 1005 892 statu
1031 827 1207 908 degrada-

93 933 191 998 tionis
207 935 423 1016 educantur,
446 942 557 1019 atquc
575 936 728 1000 inillam
764 935 1009 1000 conditionem
1034 934 1207 998 socialem

92 1042 316 1122 perveniant,
336 1058 444 1123 quam
462 1048 594 1106 natura
611 1043 783 1125 postulat,
804 1047 930 1124 etqua
948 1041 1105 1123 propriis
1124 1040 1207 1104 viri-

89 1145 149 1208 bus
167 1147 292 1212 relicti
310 1165 505 1229 numquam
524 1149 702 1214 fruentur.

171 1254 206 1332 t)
256 1253 466 1334 Praeterea,
485 1255 516 1318 si
546 1254 690 1338 quaudo
707 1255 744 1318 in
763 1253 906 1336 populis
923 1253 1102 1329 silvaticis
1121 1239 1206 1316 mu'l·

90 1357 114 1419 ti
124 1357 269 1422 incolae
294 1351 410 1422 diram
427 1360 701 1440 oppressionem
725 1360 913 1442 patiantur
939 1365 1069 1440 aperta
1094 1358 1207 1422 viola·

90 1463 181 1526 tione
205 1465 302 1545 juris
333 1466 511 1529 naturalis
529 1467 703 1548 primarii,
722 1467 838 1530 veluti
862 1465 989 1547 jugum
1020 1465 1207 1528 servitutis

91 1568 181 1632 nullo
209 1569 375 1650 legitimo
394 1569 497 1633 titulo
515 1570 694 1652 fulcitum,
712 1570 851 1634 licitum
869 1587 1012 1652 quoque
1045 1569 1114 1634 erit
1147 1585 1208 1649 op·

91 1691 275 1754 pressores
292 1693 537 1759 compescere,
558 1681 595 1740 ut
612 1678 663 1742 ita
695 1679 880 1760 oppressis
898 1677 1071 1742 auxilium
1104 1691 1207 1758 prae·

88 1785 210 1862 stetur3
231 1781 320 1846 licet
336 1783 431 1846 enim
449 1783 634 1865 quaelibet
650 1801 740 1866 gens
757 1787 794 1848 in
812 1784 966 1866 negotiis
990 1785 1064 1848 suis
1093 1780 1206 1846 civili·

91 1883 199 1950 buret
225 1888 386 1970 politicis
401 1907 492 1954 vera
516 1891 800 1972 independentia
816 1891 987 1972 gaudeat,
1023 1891 1054 1954 si
1088 1895 1208 1954 tamen

88 2007 168 2070 pars
185 1993 350 2074 ejusdem
367 1994 405 2058 in
422 1995 530 2060 aliam
545 1998 742 2062 enormiter
755 1998 943 2080 delinquat
960 2002 1088 2060 contra
1105 2003 1207 2060 natu·

91 2096 176 2160 ralia
207 2099 342 2182 officia,
363 2100 625 2166 admittendum
642 2108 697 2168 est
716 2103 783 2168 hoc
801 2104 838 2168 in
855 2120 943 2168 casu
961 2103 1070 2166 ctiam
1088 2107 1207 2166 extra·

90 2217 171 2267 neos
189 2205 235 2268 de
249 2206 332 2286 jure
350 2207 573 2272 intervenire
591 2227 712 2291 posse;
732 2227 951 2293 quamquam
976 2209 1071 2272 enim
1089 2213 1208 2272 extra·

90 2313 233 2378 neisint
258 2314 342 2395 jure
374 2315 535 2397 politico,
565 2335 638 2382 non
671 2335 799 2382 verum
829 2315 1034 2398 hujusmodi
1066 2315 1209 2380 censeri

88 2416 218 2485 debent
231 2421 315 2502 jure
344 2421 592 2506 humanitatis,
614 2442 685 2506 qua
719 2441 843 2488 omnes
870 2423 1033 2488 homines
1060 2421 1207 2486 vinculo

91 2523 329 2592 fraternitatis
361 2530 591 2611 copulantur,
623 2548 804 2613 unamque
836 2530 1058 2596 constituunt
1085 2527 1208 2592 huma·

89 2646 167 2696 nam
184 2634 376 2698 familiam.
394 2633 474 2700 Hac
492 2637 674 2700 criminali
701 2637 833 2720 agendi
850 2637 993 2701 ratione
1009 2635 1208 2716 supposita,

90 2754 173 2817 gens
193 2742 248 2805 ita
263 2757 304 2804 se
320 2759 452 2823 gerens
464 2743 564 2807 nullo
583 2748 691 2825 pacto
708 2745 883 2825 conqueri
901 2743 1003 2808 velet
1033 2742 1077 2806 de
1105 2742 1207 2806 amis·

88 2847 264 2914 sioneaut
282 2851 482 2916 violatione
513 2868 601 2914 suae
626 2851 805 2914 naturalis
835 2867 879 2914 ac
902 2849 1088 2932 legitimae
1110 2847 1207 2912 inde·

92 2957 319 3036 pendentiae,
334 2957 469 3038 quippe
483 2955 649 3022 ordinem
668 2957 912 3021 universalem
930 2956 1000 3037 ipsi
1028 2973 1050 3018 a
1077 2961 1209 3018 natura

91 3065 342 3138 praestitutum
356 3063 547 3128 manifeste
564 3067 845 3144 praetergressa
862 3065 930 3143 est,
945 3062 1133 3143 ipsamque
1147 3060 1208 3124 hu·

90 3169 298 3234 manitatem
313 3169 450 3234 directe
467 3170 688 3235 vulneravit.

174 3276 211 3341 Si
224 3277 335 3357 igitur
353 3277 521 3341 nationes
538 3277 659 3341 cultae
673 3277 710 3340 in
724 3277 893 3357 gentibus
923 3273 1089 3338 barbaris
1122 3289 1208 3336 non-

93 3395 271 3466 nunquam
288 3383 512 3447 intervenire
531 3389 693 3464 possunt,
724 3387 763 3447 ut
791 3382 919 3447 civiles
935 3397 1053 3444 mores
1081 3379 1118 3442 in
1146 3395 1209 3442 eas

91 3483 274 3569 inducant,
282 3489 440 3571 juraque
453 3488 688 3553 humanitatis
702 3495 831 3552 contra
844 3503 1080 3569 oppressores
1094 3484 1208 3548 vindi-

90 3601 182 3677 cent,
202 3596 340 3679 optimo
369 3595 452 3676 J'ure
486 3595 653 3660 Ecclesia
672 3601 708 3660 et
727 3593 863 3662 Christi
896 3593 1044 3672 Vicarii,
1080 3591 1209 3674 quibus

92 3697 263 3766 divinitus
276 3701 524 3767 concreditum
552 3705 608 3766 est
624 3702 910 3766 sacratissimum
927 3717 1054 3764 munus
1066 3699 1209 3782 praedi-

90 3810 191 3874 candi
207 3808 436 3893 Evangelium
452 3809 545 3873 omni
558 3816 752 3886 creaturae,
773 3808 842 3872 hoc
855 3810 923 3888 est,
943 3807 1083 3870 cunctis
1098 3821 1209 3887 popu·

96 3909 134 3976 lis
149 3925 184 3980 et
205 3932 271 3997 per
304 3919 400 3979 totas
430 3913 553 3978 muudi
585 3914 715 3997 plagas
739 3912 881 3978 ferendi
905 3913 1028 3978 bonum
1052 3912 1210 3976 nuntium

96 4019 350 4103 redemptionis
366 4019 513 4084 humani
531 4021 677 4101 generis
711 4025 749 4084 et
779 4017 997 4084 universalis
1028 4023 1208 4082 restaura·

94 4125 197 4192 tionis
215 4129 261 4193 ab
279 4127 474 4210 Unigenito
500 4127 569 4192 Dei
597 4128 688 4192 Filio
708 4131 991 4207 consummatae,
1012 4127 1063 4190 uti
1077 4123 1211 4208 poterit

94 4233 289 4300 ministerio
319 4233 539 4316 Principum,
558 4238 666 4316 prout
690 4233 807 4314 magis
824 4231 1038 4315 expedierit,
1058 4249 1124 4314 pro
1143 4231 1213 4298 hoc
