3028 4992
725 366 901 426 -340-

254 508 431 592 Statuam,
446 510 529 574 loca
540 509 731 591 bellorum,
752 527 1010 592 congressuum
1024 509 1252 589 aliorumque
1265 523 1393 572 even-

255 621 366 698 tuum,
386 633 527 680 necnon
545 617 677 680 limites
695 616 935 680 territoriales
954 615 1139 698 designari
1155 615 1320 678 valeant.

771 951 862 1026 §H-
951 1029 954 1034 .

688 1147 934 1212 Surrunuruu.

258 1336 296 1385 10.
312 1333 385 1394 Quid
401 1333 429 1384 iu
446 1331 513 1384 lure
527 1331 642 1384 Publice
665 1331 881 1384 internetionali
907 1329 943 1382 ad
966 1329 1118 1396 genuinam
1145 1331 1208 1397 ejus
1230 1333 1389 1382 notionem

325 1404 548 1468 dignoscendam
563 1405 683 1465 spectari
698 1403 884 1470 oporteat-l
894 1401 913 1452 l.
929 1401 1065 1462 Quaestio
1079 1399 1264 1454 critica-12.
1280 1405 1325 1452 An
1342 1403 1386 1452 sit

327 1491 392 1527 vere
403 1474 418 1526 J
424 1490 456 1526 us
470 1475 780 1528 luter-nationale.·-lu.
798 1475 898 1526 Utrum
911 1472 950 1524 sit
964 1473 1213 1538 perlectum-lt.
1240 1473 1316 1524 Num
1330 1473 1384 1524 ali·

327 1545 441 1612 quando
454 1546 587 1597 devenire
602 1547 704 1612 polerit
718 1543 966 1612 perlectum-lb.
994 1543 1129 1605 Quaestio
1154 1542 1346 1596 historica-l
1356 1551 1381 1592 tt.

326 1619 472 1678 (lucenam
485 1617 634 1668 relationes
648 1623 676 1668 et
690 1619 826 1684 principia
851 1613 927 1680 apud
950 1623 1049 1679 gentes
1067 1617 1230 1666 exstiterint
1252 1615 1389 1680 antiquis

326 1687 592 1754 tenporibus-tt.
607 1687 753 1748 Quaenam
769 1687 1216 1740 medioaeroemicuerint.-18.
1230 1687 1385 1747 Quaenam

329 1760 471 1822 viguerint
484 1759 592 1824 epoolra
607 1759 766 1810 recentiori.
807 1761 846 1810 lt.
860 1757 1007 1819 Quaenam
1023 1761 1116 1810 aetate
1129 1757 1288 1810 norissima
1303 1771 1387 1822 prae-

327 1830 472 1881 valuerint.

347 2007 399 2070 10.
448 2007 504 2071 Ad
522 2025 732 2088 germanam
749 2006 771 2070 J
776 2007 848 2070 uris
866 2005 1017 2086 Publici,
1037 2023 1107 2088 quo
1122 2009 1268 2069 mutuae
1293 2023 1380 2088 gen·

257 2113 342 2176 tium
361 2113 558 2176 relationes
572 2114 797 2194 regelantur,
812 2113 994 2176 notionem
1011 2117 1112 2176 recte
1127 2111 1385 2192 attingendam

257 2222 472 2302 penitusque
503 2219 799 2302 dignoscendam,
834 2219 1129 2299 operispretium
1162 2218 1232 2282 erit
1261 2219 1384 2298 ipsum

257 2327 483 2407 perpendere
497 2327 563 2390 sub
582 2325 717 2408 triplici
734 2331 917 2406 respectu,
937 2327 1057 2390 critico
1081 2342 1225 2406 nempe,
1240 2324 1381 2390 bistert-

258 2456 294 2496 σο
309 2443 416 2515 atque
431 2435 627 2518 scientifico.

347 2539 387 2602 In
406 2545 635 2602 antecessum
660 2538 771 2618 igitur
801 2537 985 2618 inquirere
1003 2541 1147 2618 oportet
1164 2536 1238 2600 vim
1256 2555 1302 2600 ac
1319 2555 1381 2600 na·

258 2653 375 2708 turam
392 2643 594 2724 hujusmodi
612 2643 633 2708 J
638 2645 723 2722 urie,
743 2643 924 2724 principia
942 2659 1036 2724 quae
1053 2643 1150 2724 apud
1168 2651 1297 2724 gentes
1312 2641 1383 2706 bac

258 2767 366 2830 super
391 2767 429 2812 re
443 2767 508 2830 pro
526 2751 708 2812 varietate
727 2755 928 2829 temporum
948 2748 1237 2830 praevaluerint,
1257 2753 1295 2812 et
1319 2765 1379 2830 po·

258 2862 390 2916 strerno
405 2859 533 2934 ortum,
545 2872 775 2936 progressum
791 2853 1046 2936 actualemque
1060 2853 1306 2918 conditionem
1320 2871 1381 2918 uo-

259 2977 329 3022 voe
343 2959 518 3023 scientiae
535 2960 626 3023 baec
644 2959 764 3022 studia
778 2960 936 3040 juridica
953 2958 1145 3023 hodiedum
1162 2960 1380 3023 excolentis.

348 3065 401 3128 11.
451 3063 492 3126 In
517 3065 642 3145 primis
661 3065 756 3128 enirn
776 3063 954 3128 disserere
979 3065 1087 3144 jubet
1103 3063 1147 3128 de
1166 3065 1383 3146 quaestione

258 3172 392 3248 critica,
412 3171 477 3234 sub
507 3187 578 3250 qua
596 3169 665 3232 tria
683 3171 806 3250 cupita
823 3169 918 3233 baud
947 3171 1069 3251 exigui
1098 3171 1272 3234 momenti
1296 3189 1378 3234 enu-

259 3277 412 3340 oleanda
429 3283 465 3339 et
481 3275 658 3340 solvenda
674 3277 838 3338 veniunt:
858 3277 1078 3357 interrogari
1092 3277 1185 3340 solet
1198 3295 1245 3340 an
1259 3278 1307 3340 sit
1320 3295 1374 3342 ve·

258 3399 297 3446 re
314 3382 334 3446 J
340 3400 379 3446 us
397 3381 695 3461 Internationule,
718 3390 833 3444 utrum
861 3383 1063 3462 perlectum
1080 3383 1222 3446 censeri
1243 3383 1380 3462 valeat,

258 3495 367 3570 atque
385 3507 469 3552 num
497 3487 692 3569 aliquando
712 3487 913 3568 perfectum
932 3505 1012 3552 esse
1031 3489 1177 3568 poterit.
1210 3487 1305 3552 Huic
1321 3489 1377 3552 tri·

258 3593 343 3673 plici
362 3593 565 3675 quaestioni
581 3593 742 3656 breviter
774 3599 810 3656 et
827 3594 1036 3673 categorica
1065 3593 1381 3674 respondebimus,

259 3705 413 3762 mentem
427 3703 587 3762 nostram
605 3705 733 3780 aperte
748 3715 791 3761 ac
808 3698 965 3778 ingenue
983 3699 1254 3778 patefaciendo.

348 3804 401 3868 12.
450 3802 576 3882 Quoad
590 3805 819 3868 existentiam
835 3803 856 3868 J
861 3805 933 3868 uris
950 3791 1265 3886 Internationalis,
1276 3823 1382 3870 nemo

258 3912 381 3994 utique
398 3928 477 3974 eam
510 3909 742 3990 inficiabitur,
769 3911 945 3991 siquidem
960 3927 1007 3974 ex
1020 3911 1109 3992 ipsis
1128 3912 1251 3976 verbis
1268 3911 1289 3976 J
1293 3925 1381 3978 us-

257 4018 419 4081 Iurna-
437 4016 660 4080 Nurrounuu
687 4017 897 4082 litteraliter
929 4024 965 4082 et
993 4017 1119 4082 stricte
1136 4019 1290 4101 sumptis
1308 4018 1379 4101 plu·

259 4139 304 4184 ne
321 4121 515 4203 colligitur3
535 4123 604 4186 tria
622 4127 721 4186 certe
737 4123 971 4204 requiruntur
999 4124 1108 4204 Juxta
1134 4124 1259 4188 tritam
1278 4141 1380 4208 prae·

258 4225 436 4290 fatiJuris
465 4227 796 4292 denominationem
825 4227 1015 4312 adipsum
1044 4245 1134 4294 vere
1160 4231 1377 4296 constitues
