3062 4994
562 339 740 398 -123-

184 481 233 546 69.
278 483 352 546 4³²³*
376 483 610 565 Principium.
634 482 799 550 Societati
832 483 1020 548 catholicae
1047 486 1213 550 incumbit

111 587 240 673 officium
256 591 451 674 Religiosua
467 603 772 669 ΑῡεοοΙΑΤιοΝΕε,
792 611 975 674 eorumque
1004 593 1213 676 respectibus

110 707 211 759 lorus
225 698 261 761 in
273 698 353 782 foro
370 697 466 762 civili
479 698 754 782 recognoscendi.

184 801 235 864 Ex
263 802 332 866 hoc
361 807 545 883 postremo
578 803 758 885 principio
790 803 927 866 inferre
959 803 1046 867 licet
1078 809 1211 867 statum

110 906 307 972 catholicum
320 909 474 990 speciali
492 909 610 972 officio
630 910 759 973 teneri:
780 909 809 988 ³)
831 908 990 973 habendi
1014 910 1213 973 societates

108 1012 292 1096 religiosas,
311 1031 509 1098 earumque
539 1016 696 1079 minores
714 1015 981 1078 subdivisiones
1003 1017 1039 1079 in
1065 1017 1210 1097 provin·

108 1119 175 1182 cias
201 1125 234 1183 et
264 1121 388 1185 domos
420 1129 605 1203 tamquam
632 1138 809 1203 personas
837 1121 994 1186 morales
1019 1121 1210 1203 juridicas,

108 1221 277 1290 Ecclesiae
293 1227 520 1309 homogenee
546 1227 816 1308 subordinatas3
848 1229 981 1292 etenim
999 1235 1102 1292 actus
1119 1229 1212 1309 ejus-

110 1327 176 1392 dem
190 1330 377 1396 Ecclesiae
404 1333 451 1397 ad
479 1334 596 1398 forum
614 1339 805 1397 externum
837 1333 1076 1414 respicientes
1105 1334 1212 1398 aesti-

109 1437 184 1498 mari
201 1437 333 1502 debent
349 1439 463 1504 validi
480 1443 516 1502 ct
532 1440 569 1502 in
598 1439 678 1502 foro
709 1439 821 1502 civili:
842 1457 910 1521 age
935 1439 1012 1520 jam
1045 1439 1213 1502 Ecclesia

110 1537 284 1608 Ordinibus
314 1547 351 1608 et
380 1543 735 1626 congregationibus
763 1545 943 1626 religiosis
974 1545 1211 1626 personalita-

109 1650 167 1710 tem
186 1649 377 1729 juridicam
395 1651 533 1731 tribuit,
554 1668 635 1715 cum
659 1651 726 1714 has
744 1651 1013 1716 adsociationes
1032 1650 1214 1732 approbat

110 1755 350 1838 constituitque
364 1761 404 1820 ut
420 1775 598 1838 personas
626 1758 784 1822 morales
814 1758 1003 1822 distinctas
1022 1777 1044 1822 a
1060 1759 1212 1840 singulis

109 1863 254 1938 personis
271 1863 434 1946 physicis
451 1881 515 1928 eas
539 1865 852 1946 componentibus3
871 1865 966 1929 unde
982 1883 1132 1929 necesse
1158 1868 1214 1929 est

109 1967 277 2045 praefatas
295 1971 573 2034 communitates
590 1971 722 2035 intueri
757 1989 801 2036 ao
820 1971 1053 2036 considerare
1070 1972 1211 2035 sociali-

109 2073 154 2133 ter
164 2073 274 2136 veluti
306 2074 511 2156 subjectum
525 2075 672 2157 jurium,
690 2077 797 2157 Juxta
829 2094 993 2140 normam
1012 2077 1211 2158 legislatio·

109 2177 153 2240 nis
177 2180 462 2262 ecclesiasticae,
496 2181 650 2264 ideoque
679 2201 770 2247 vera
815 2185 1022 2264 capacitate
1053 2183 1213 2264 juridica

30 2275 31 2312 ³
110 2285 312 2369 possidendi,
346 2286 574 2370 adquirendi,
609 2293 646 2353 et
679 2289 919 2354 contrahendi
958 2290 1144 2372 praeditas
1175 2291 1213 2352 in

110 2405 271 2474 mensura,
311 2411 420 2460 sensu
460 2399 569 2477 atque
610 2398 835 2479 extensione,
872 2398 1000 2479 quibus
1032 2396 1211 2477 Ecclesia,

30 2483 31 2506 ¹
110 2498 246 2563 societas
263 2501 442 2583 perfecta,
459 2520 481 2565 a
499 2520 571 2584 qua
605 2502 764 2583 pendent
792 2503 968 2582 eJusmodi
997 2501 1211 2567 adsociatio·

112 2617 162 2666 nes
177 2603 427 2689 imperfectae,
454 2609 680 2690 permisserit
706 2610 766 2673 vel
793 2609 1052 2674 declaraverit:
1075 2605 1108 2688 b)
1133 2626 1210 2690 spe·

30 2713 31 2716 ’
114 2711 217 2775 cnudi
230 2690 396 2794 singulas
408 2731 586 2796 personas
599 2715 790 2796 religiosas
807 2733 872 2797 pro
888 2715 1081 2778 effectibus
1098 2715 1212 2779 civili-

111 2811 164 2879 bus
178 2835 239 2884 ceu
257 2821 355 2884 votis
372 2827 408 2886 et
435 2823 565 2904 regula
593 2823 725 2904 ligatas
743 2827 779 2887 et
803 2824 1010 2903 obstrictas,
1030 2825 1115 2905 quia
1133 2841 1214 2905 pro·

112 2920 212 2989 fessae
235 2931 322 2990 sunt
346 2928 504 3009 publice,
524 2927 593 2992 hoc
606 2932 672 3009 est,
693 2945 815 2992 coram
845 2929 1023 2993 societate
1042 2930 1212 2993 ecclesia-

112 3028 196 3114 stica,
209 3034 311 3115 nujus
327 3034 428 3116 leges
444 3039 480 3098 et
497 3039 600 3098 actus
616 3036 653 3098 in
671 3035 750 3098 foro
769 3035 870 3104 civili
887 3035 1030 3100 servari
1049 3053 1092 3098 ac
1109 3051 1212 3098 reve-

111 3137 328 3204 reridebent:
354 3141 388 3223 ⁰)
415 3141 652 3222 agnoscendi,
684 3148 793 3222 prout
820 3142 949 3223 regula
976 3141 1146 3204 statuerit
1176 3142 1216 3203 et

112 3237 258 3311 Ecclesia
270 3247 498 3330 probaverit,
518 3247 813 3312 constitutionem
837 3246 1103 3312 hierarchicam
1120 3245 1212 3310 Reli·

112 3348 239 3426 gionum
269 3373 334 3420 seu
366 3356 622 3419 auctoritatem
655 3356 883 3436 superiorum
921 3353 1142 3435 regularium
1177 3353 1215 3415 in

112 3471 181 3520 suos
207 3460 379 3542 subdit0s3
415 3479 500 3525 nam
517 3461 651 3542 singuli
668 3465 848 3526 voventes
876 3477 957 3524 eam
986 3460 1109 3541 palam
1141 3477 1213 3524 am·

113 3561 234 3639 plexati
267 3571 364 3647 sunt,
398 3566 590 3649 eidemque
624 3583 758 3648 parere
791 3567 902 3648 plena
932 3565 1104 3629 libertate
1133 3582 1214 3647 pro·

114 3667 281 3737 miserunt.
