3028 4992
780 376 898 440 -376
923 415 957 428 -

308 544 372 592 nes
390 526 578 591 instituere
607 541 671 590 seu
691 527 751 608 jus
780 531 931 608 agentes
960 525 1213 608 diplomatieos
1245 523 1432 605 mittendi;

321 633 347 717 ⁰)
364 639 475 717 pecta
492 633 680 698 celebrare
697 650 760 698 seu
774 635 835 714 jus
858 633 1121 698 conventiones
1153 637 1190 696 et
1219 635 1436 696 contractus
1507 665 1508 700 r

308 740 456 804 ineundi
473 757 539 822 pro
549 739 752 822 supplendo
766 739 911 804 defectu
925 737 1155 803 auctoritatis
1170 755 1366 820 supremae
1383 738 1436 800 in·

310 847 564 910 ternationalis
582 847 815 928 quaestiones
845 845 1010 911 Statuum
1028 845 1242 925 dirimentis;
1259 842 1285 924 l)
1300 845 1364 925 jns
1382 844 1438 908 in·

309 952 452 1018 dicendi
470 953 604 1018 bellum
620 971 821 1037 pacemque
837 951 1089 1033 concludendi;
1106 957 1132 1031 ⁰)
1142 953 1201 1034 jus
1217 951 1435 1016 neutralita-

309 1058 356 1122 tis
373 1076 419 1124 ex
436 1060 514 1141 ipso
532 1059 627 1124 bello
645 1065 825 1140 exortum,
845 1061 883 1124 vi
907 1061 1010 1140 cujus
1027 1058 1149 1124 Status
1166 1077 1188 1124 a
1205 1073 1436 1142 quocumque

310 1165 446 1230 auxilio
460 1165 761 1248 belligerantibus
780 1165 1002 1248 praestando
1020 1166 1216 1230 abstinent.

399 1271 615 1336 Praedictee
628 1273 817 1336 libertates
836 1273 981 1337 omniuo
1011 1272 1262 1337 desiderantur
1292 1273 1341 1336 ad
1372 1289 1435 1336 ve·
1508 1274 1509 1318 l

310 1398 389 1444 ram
402 1385 439 1444 et
456 1381 658 1463 perfectam
676 1381 994 1462 independentiem
1005 1380 1308 1460 constituendam;
1325 1379 1436 1444 adeo·
1508 1365 1509 1368 ¹

311 1505 380 1569 que
397 1493 523 1569 gentes
538 1504 632 1569 quae
651 1485 750 1550 hisce
768 1485 953 1549 attributis
972 1489 1110 1566 carent,
1141 1484 1345 1566 cujusmodi
1374 1484 1435 1547 ba-

310 1595 442 1660 bentur
484 1595 606 1658 Status
635 1593 913 1674 semi-supremi,
955 1591 1136 1656 tributarii
1170 1592 1230 1656 vel
1261 1591 1432 1672 protecti,

311 1701 695 1782 suprematiaproprie
714 1699 811 1762 dicta
839 1697 999 1779 gaudere
1027 1703 1223 1780 nequeunt,
1254 1697 1435 1780 siquidem

312 1805 555 1886 dependentia
572 1811 608 1870 et
624 1805 858 1868 nationalitas
871 1806 965 1868 iuter
981 1821 1020 1868 se
1039 1811 1213 1887 pugnant,
1233 1809 1269 1867 et
1295 1804 1433 1886 quaeli-

311 1913 373 1976 bet
404 1913 561 1976 scrvitus
578 1911 884 1976 'internatioualis
909 1911 1092 1974 censenda
1110 1915 1165 1974 est
1182 1915 1313 1991 aperta
1342 1911 1434 1991 Juris

312 2021 476 2100 violatio,
495 2021 691 2102 genuinum
706 2018 830 2082 Status
847 2023 1063 2100 conceptum
1081 2034 1229 2100 prorsus
1247 2023 1432 2081 evertens.
1509 2009 1510 2012 ’

402 2127 573 2190 Attamen
590 2125 742 2189 libertas
761 2123 923 2188 Statuam
942 2125 1087 2205 penitus
1105 2123 1272 2186 absoluta
1294 2139 1364 2186 nec
1381 2140 1433 2185 es·

312 2251 351 2296 se
368 2250 436 2296 nec
449 2233 592 2314 concipi
611 2235 743 2313 potest,
763 2231 826 2294 sed
840 2231 1054 2312 quibusdam
1083 2231 1256 2294 limitibus
1275 2230 1434 2294 obnoxia

313 2357 393 2403 esse
411 2339 530 2418 debet,
546 2339 631 2422 quia
645 2337 946 2420 quemadmodum
961 2335 1148 2400 individua
1172 2335 1345 2400 libertate
1363 2353 1433 2398 mo·

312 2446 381 2510 reli
400 2447 500 2510 abuti
518 2447 655 2526 valent,
674 2447 725 2508 ita
742 2445 851 2508 etiam
887 2443 1052 2507 nationes
1081 2443 1287 2506 libertatem
1318 2441 1433 2524 politi·

314 2569 393 2616 cam
413 2569 605 2634 perperam
624 2552 830 2631 intelligere
847 2551 908 2613 vel
936 2550 1070 2630 injuste
1100 2565 1253 2612 exerere
1281 2553 1430 2630 queunt:
1510 2627 1511 2636 ἵ

314 2665 510 2739 eapropter
530 2665 757 2740 pertractare
775 2657 843 2720 hoc
871 2657 951 2720 loco
970 2657 1133 2736 cogimur
1165 2655 1209 2719 de
1234 2656 1433 2737 praecipua
1510 2639 1511 2686 ³

314 2765 529 2827 limitatione
543 2765 705 2828 libertati
722 2765 884 2844 gentium
899 2763 1080 2844 apposita,
1108 2781 1238 2845 nempe
1267 2762 1313 2825 de
1344 2761 1432 2825 cele·

314 2871 473 2934 berrima
490 2871 632 2934 theoria
649 2872 923 2950 interventionis,
944 2871 1094 2952 eJusque
1124 2875 1227 2934 recte
1258 2869 1432 2949 interpre-

314 2975 466 3038 tatione.

403 3082 457 3144 46.
493 3080 564 3145 Sub
579 3082 721 3144 nomine
739 3083 999 3146 interventionis
1013 3079 1206 3144 denotatur
1219 3079 1433 3164 interpositio

315 3190 464 3255 uiolenta
481 3211 539 3253 sert
557 3191 692 3253 invasio
705 3192 808 3252 unius
825 3191 877 3252 rel
890 3191 1048 3273 plurium
1063 3169 1289 3254 Statuam'in
1304 3209 1361 3253 rea
1384 3189 1432 3250 in·

316 3298 459 3360 teriorea
486 3303 546 3360 aut
575 3305 716 3359 calerno
734 3297 868 3380 negotia
894 3297 986 3361 aliua
1003 3298 1056 3361 cel
1080 3297 1233 3362 oliorum
1265 3295 1431 3360 Statuam.

315 3402 457 3467 Dicitur
475 3403 511 3465 in
529 3402 737 3466 delinitione
753 3402 928 3466 immixtio
946 3419 1010 3466 seu
1038 3401 1190 3466 uiolenta
1219 3401 1433 3484 interpositio

316 3509 362 3572 ad
391 3508 653 3572 secernendum
699 3509 1003 3573 interventionem
1036 3527 1058 3572 a
1087 3509 1309 3588 incitatione,
1343 3523 1431 3589 quae

316 3617 482 3697 equidem
497 3618 605 3680 etiam
623 3617 659 3678 in
673 3617 881 3680 interventu
896 3617 1013 3697 posito
1031 3621 1099 3696 est,
1114 3615 1178 3679 sed
1195 3615 1355 3695 amicali,
1374 3630 1432 3678 vo·

314 3723 488 3802 luntario,
503 3727 633 3804 rogatu
653 3723 810 3804 partium
827 3723 1134 3804 contendentium,
1155 3723 1302 3786 minime
1317 3725 1432 3786 autem

316 3836 445 3893 contra
462 3831 688 3893 voluntatem
706 3831 836 3893 saltem
855 3832 956 3893 unius
974 3830 1089 3911 partis
1103 3831 1325 3894 dissidentis.

404 3937 629 4002 interventio
644 3937 865 4001 tribuisolet:
891 3935 934 3999 l.⁰
947 3938 983 4000 iu
997 3939 1182 4022 pacificam
1197 3943 1234 4000 et
1251 3943 1431 4010 armatam,

316 4051 425 4126 prout
441 4045 478 4108 vi
497 4045 625 4108 morali
644 4045 703 4108 vel
720 4045 874 4126 physica
890 4045 1157 4125 interponatur3
1176 4041 1228 4108 2.⁰
1245 4045 1283 4107 in
1308 4041 1432 4108 iudioi·

318 4150 455 4214 dualem
468 4157 504 4214 et
517 4151 742 4232 collectivam,
763 4155 870 4231 prout
884 4151 928 4213 ab
948 4169 1018 4214 una
1036 4157 1177 4215 tautum
1195 4152 1257 4216 vel
1275 4150 1432 4232 pluribus

317 4255 524 4319 nationibus
553 4265 781 4336 exerceatur;
811 4255 863 4320 3.⁰
887 4257 923 4320 in
953 4257 1136 4343 officialem
1165 4265 1202 4321 et
1232 4257 1430 4344 officiosum,
