3058 4994
609 409 787 466 -477-

136 551 256 634 quoad
271 551 421 634 navigia
435 551 661 634 privatorum
676 551 866 634 pacificum
882 553 1136 616 commercium
1150 571 1260 634 agen-

136 658 201 739 tia,
222 657 441 722 censendum
461 657 530 721 erit
559 662 744 739 tamquam
761 658 988 740 illegitimum
1005 675 1048 720 ac
1073 659 1258 739 injustum,

135 765 291 846 ideoque
309 765 436 846 praxis
456 771 492 828 et
519 761 663 828 ¹theoria
679 765 778 828 circa
789 765 945 848 praedas
977 766 1171 829 maritimas
1188 766 1259 845 pri-

135 877 306 935 vatorum
323 889 369 935 ex
393 871 528 951 usibuS,
548 871 666 952 pactis
684 875 720 934 et
748 871 890 953 legibus
915 870 1261 936 internetionalibus

136 978 273 1060 optimo
289 978 371 1059 Jure
390 976 546 1041 delenda
563 978 645 1041 erit.

227 1085 303 1149 145.
352 1083 643 1149 Denominantur
674 1085 824 1166 navigia
858 1084 1094 1166 praedatoria
1126 1083 1258 1168 (corsa

135 1191 225 1270 rios)
251 1209 366 1255 naves
395 1191 637 1254 mercatoriae
666 1197 830 1254 armatae
859 1209 952 1273 quae
981 1197 1145 1272 tempore
1172 1190 1260 1254 belli

136 1299 309 1362 maritimi
338 1299 556 1362 auctoritate
585 1298 733 1379 publica
751 1298 909 1361 munitae
927 1303 963 1361 et
979 1299 1155 1362 vexilium
1172 1313 1262 1361 suae

135 1409 266 1487 gentes
284 1404 516 1470 ostendentes
535 1405 650 1470 maria
666 1405 984 1485 circumnavigant
1002 1406 1123 1486 gratia
1146 1403 1259 1467 natio-

76 1499 80 1506 ’
108 1569 113 1577 .
136 1511 193 1576 nis
210 1513 380 1576 inimicae
397 1517 495 1576 rates
513 1512 744 1592 corbitasque
764 1510 947 1591 captandi.

226 1619 329 1682 Licet
360 1619 511 1700 navigia
540 1618 698 1700 piratica
724 1634 804 1680 cum
833 1616 988 1680 navibus
1016 1615 1262 1697 praedatoriis

135 1725 350 1808 permisceri
369 1743 412 1789 ac
429 1725 599 1789 confundi
620 1726 750 1804 solent,
767 1724 852 1806 quia
869 1723 962 1786 istac
979 1723 1072 1786 siout
1090 1722 1155 1785 illa
1184 1735 1262 1786 sco·

136 1851 223 1914 pum
256 1849 495 1913 communem,
531 1832 807 1914 praedationem
842 1847 983 1911 nempe,
1012 1829 1081 1891 sibi
1109 1828 1258 1910 praesti·

135 1944 243 2003 tuunt
271 1940 315 2002 ob
344 1957 512 2024 magnam
532 1943 685 2020 partem,
707 1957 815 2021 quam
833 1955 878 2000 ex
907 1935 1053 2018 praedis
1082 1935 1189 1998 iactis
1207 1951 1260 1998 re·

137 2051 265 2128 petere
294 2053 457 2127 possunt3
477 2049 639 2108 attamen
668 2044 824 2126 piratica
853 2044 902 2120 (la
931 2043 1121 2124 piraterla)
1152 2045 1262 2122 atque

137 2152 329 2234 praedatio
358 2157 501 2214 armata
529 2150 576 2234 (el
605 2151 725 2234 corso)
744 2149 854 2214 valde
882 2151 977 2212 inter
1005 2166 1043 2211 se
1073 2148 1259 2210 differunt:

137 2260 168 2338 ⁸)
185 2259 341 2341 piratica
366 2259 411 2322 ab
437 2259 601 2322 omnibus
619 2257 780 2322 Statibus
798 2258 972 2320 damnata
1001 2262 1056 2318 est
1072 2255 1174 2318 velut
1202 2253 1261 2320 de-

135 2367 264 2430 lictum
283 2371 410 2428 eontra
427 2365 446 2428 J
453 2383 492 2428 us
509 2367 682 2446 gentium,
702 2364 928 2446 organizatio
954 2369 1096 2426 armata
1114 2361 1262 2425 navium

137 2473 187 2537 ad
218 2481 407 2554 capturam
435 2471 594 2554 praedae
626 2473 830 2536 maritimae
862 2470 1056 2534 nonnullos
1088 2475 1264 2550 patronos

136 2581 233 2644 inter
250 2580 348 2643 Juris
377 2579 675 2660 Internationalis
705 2584 924 2642 tractatores
943 2578 1052 2640 habet
1070 2587 1179 2657 atque
1197 2593 1263 2657 per

136 2685 261 2750 Status
280 2685 397 2748 adhuc
422 2685 555 2748 nostris
573 2685 698 2748 diebus
726 2693 932 2766 usurpatum
951 2681 976 2766 ¹³)
994 2683 1151 2764 piratica
1175 2689 1261 2744 tem-

136 2809 228 2874 pore
246 2793 347 2874 pacis
366 2799 402 2854 et
419 2792 505 2855 belli
524 2792 573 2868 fit,
589 2792 778 2873 praedatio
794 2799 937 2854 armata
965 2807 1053 2853 vero
1085 2789 1265 2852 duntaxat

136 2900 327 2980 peragitur
352 2905 432 2962 orto
450 2899 546 2962 bello
575 2903 611 2961 et
638 2899 737 2960 iacta
766 2897 844 2978 ejus
862 2896 1149 2976 denuntiatione;
1171 2897 1195 2973 ⁰)
1213 2896 1262 2976 pi·

136 3007 256 3070 natica
284 3011 339 3070 est
367 3011 469 3070 actus
499 3005 697 3088 peculiaris
731 3023 753 3068 a
782 3004 1039 3087 praedonibus
1070 3003 1264 3066 latrocinio

139 3113 320 3178 maritimo
353 3112 496 3192 deditio,
530 3113 681 3194 positus,
712 3113 941 3194 organizatio
975 3110 1210 3193 praedatoria
1244 3127 1265 3172 e

139 3225 269 3283 contra
286 3225 341 3282 est
366 3220 579 3283 exercitium
597 3220 781 3301 publicum
799 3219 984 3282 facultatis
1004 3235 1025 3280 a
1042 3217 1144 3280 Statu
1165 3215 1264 3279 uelli·
1333 3217 1337 3226 '

138 3331 293 3408 gerente
310 3327 517 3406 impertitae
544 3333 578 3389 et
595 3325 805 3388 authentica
834 3326 1023 3388 sanctione
1040 3325 1203 3406 (patente
1218 3303 1265 3385 de

139 3435 260 3511 corso)
287 3433 460 3512 munitae,
482 3439 519 3495 ut
547 3433 598 3494 ita
627 3433 719 3496 ratio
745 3431 897 3512 hostilis,
917 3431 1034 3493 fracto
1064 3432 1140 3509 ejus
1170 3447 1262 3492 com-

139 3539 289 3616 mercio,
310 3556 438 3620 pacem
457 3539 645 3620 postulare
662 3547 826 3618 cogatur.
1220 3609 1226 3621 ,

229 3644 299 3708 Sed
317 3645 478 3708 oumhoc
496 3653 655 3722 systema
685 3645 958 3726 praedatorium
990 3643 1182 3726 (corsarla)
1212 3645 1267 3704 tot

140 3751 274 3815 damna
292 3751 509 3815 commercio
527 3753 688 3834 gentium
702 3751 848 3830 inierat,
868 3757 903 3813 et
922 3750 959 3813 in
978 3749 1127 3812 totalem
1146 3749 1263 3829 perni-

140 3859 233 3922 ciem
247 3875 290 3921 ac
303 3857 584 3922 destructionem
594 3857 827 3939 proprietatis
841 3857 1008 3938 privatae
1024 3855 1157 3919 civium
1172 3855 1263 3917 iner-

141 3964 250 4028 mium
281 3969 523 4028 mercaturam
557 3965 804 4028 exercentium
834 3963 972 4026 directe
986 3962 1106 4043 ducat,
1123 3965 1266 4024 tentata

140 4078 225 4134 suut
241 4072 346 4134 varia
360 4071 613 4151 experimenta
630 4070 840 4135 eliminandi
859 4087 946 4150 ergo
973 4087 1019 4134 cx
1038 4069 1160 4132 usibus
1179 4067 1266 4130 belli

139 4176 236 4241 hanc
253 4177 440 4241 exitialem
457 4178 610 4242 formam
628 4195 743 4242 naves
761 4179 998 4242 mercatorias
1023 4174 1209 4258 captandi;
1229 4179 1266 4237 et

141 4300 362 4367 quamquam
380 4291 533 4348 cunctae
549 4283 738 4350 Potentiae
762 4285 965 4350 maritimae
983 4284 1020 4348 in
1037 4297 1264 4347 communem
