3058 4994
789 383 823 396 -
846 352 966 410 4⁴24-

315 494 476 560 habeant
489 495 688 560 efficaciter
706 493 882 578 impedire
893 493 1054 578 contagii
1069 493 1373 577 propagationem
1392 509 1444 558 ex

316 618 387 666 uno
400 599 435 666 in
455 601 565 666 alium
583 599 725 666 Statum
743 600 802 684 (1).

405 705 508 786 Quod
540 723 629 772 vere
660 705 725 772 Jns
754 705 1043 772 Intercationale
1069 706 1232 789 respicit,
1262 723 1377 788 opera
1406 710 1446 770 et

316 812 426 878 ductu
442 813 665 895 Napcleonis
682 813 736 878 III
752 813 882 880 habita
898 819 954 878 est
970 813 1118 878 Parisiis
1146 831 1242 878 anno
1262 811 1349 876 1850
1365 811 1444 894 pri·
1518 839 1519 908 1

315 937 375 984 ma
390 918 544 984 Ocllatio
561 921 753 986 salutifera
772 921 1080 1002 internetionalis,
1100 938 1207 1002 quae,
1239 920 1443 984 assentien-
1518 927 1519 1016 1

316 1024 412 1088 tibus
426 1025 590 1105 plurimis
604 1025 790 1108 Potentiis,
806 1024 1092 1092 conventionem
1105 1026 1337 1110 bygienicam
1351 1024 1443 1089 1853
1518 1077 1519 1106 ,

316 1131 452 1211 gennit3
484 1131 728 1211 nibilominus,
748 1132 835 1196 licet
852 1131 1028 1214 pleraque
1057 1131 1227 1213 Europae
1259 1131 1443 1214 gubernio
1518 1165 1519 1174 2

316 1235 421 1300 ideae
440 1244 549 1320 atque
566 1239 679 1302 menti
697 1236 909 1304 collationis
925 1237 1140 1302 Parisiensis
1155 1239 1302 1321 plenam
1314 1256 1441 1302 assen-
1518 1229 1519 1248 ¹

317 1343 451 1408 tionem
469 1344 731 1426 praestiterint,
751 1345 972 1427 paucissima
1002 1353 1122 1409 autem
1148 1343 1441 1410 Conventionem

316 1457 547 1531 receperunt.
579 1447 820 1530 Quamobrem
855 1469 975 1516 novae
1004 1450 1226 1516 Oollationes
1256 1452 1441 1516 solutares

317 1553 632 1640 Constantinopoli
652 1560 756 1622 annis
776 1559 861 1623 1859
892 1565 928 1624 et
961 1559 1046 1624 1866
1065 1559 1274 1624 celebratae
1290 1567 1376 1623 sunt
1394 1559 1441 1622 ad

316 1662 567 1746 revidendum,
586 1664 879 1747 amplificandam
894 1670 931 1730 et
955 1667 1192 1752 sanciendam
1210 1667 1441 1747 primaevam

316 1767 571 1850 Parisiensem,
590 1772 677 1852 quin
694 1771 880 1836 meliorem
897 1773 1033 1836 exitum
1052 1773 1272 1852 obtinerent;
1293 1773 1441 1836 iterum·

317 1893 387 1957 que
401 1875 494 1940 duae
508 1877 603 1942 aliae
618 1875 839 1944 collationes
853 1879 1014 1961 ejusdem
1032 1880 1178 1962 generis
1191 1885 1442 1962 congregatae

317 1983 432 2064 fuere,
452 1984 570 2048 altera
587 1985 752 2050 Viennae
769 2003 865 2050 anno
896 1987 993 2068 1874,
1012 1995 1122 2070 atque
1155 1988 1272 2052 altera
1304 1986 1441 2050 Romae

317 2105 413 2152 anuo
433 2089 531 2171 1885,
551 2093 719 2172 quamvis
749 2099 880 2156 neutra
897 2094 1107 2174 generalem
1135 2093 1439 2176 approbationem

317 2203 427 2258 nacta
459 2204 680 2279 estpropter
713 2199 963 2262 difficultatem
991 2200 1183 2263 formulam
1213 2199 1437 2278 inveniendi,

317 2319 411 2382 quae
424 2307 640 2369 commercio
658 2323 904 2388 quascumque
933 2305 1169 2370 limitationes
1188 2307 1378 2388 respuenti
1396 2322 1438 2368 ac

316 2409 460 2490 populis
476 2415 589 2474 tutam
605 2411 868 2493 protectionem
884 2412 1061 2476 adversus
1092 2413 1171 2477 lues
1203 2413 1435 2477 reclamanti-

317 2512 383 2578 bus
401 2515 506 2579 simul
524 2518 774 2598 responderet.

406 2621 461 2685 91.
510 2621 650 2687 Natura
674 2631 783 2707 atque
811 2625 1041 2706 praestantia
1070 2625 1279 2688 commercii
1304 2625 1437 2690 nostris

317 2727 455 2807 diebus,
482 2747 622 2794 necnon
648 2733 776 2796 mirum
804 2734 1066 2798 incrementum
1092 2739 1129 2796 et
1150 2733 1247 2814 jugis
1277 2733 1437 2798 evolutio

316 2835 531 2899 recentioris
545 2837 746 2902 industriae
764 2840 920 2902 maxime
938 2839 1174 2920 postulabant
1193 2857 1333 2904 merces
1352 2856 1435 2922 pon·

317 2939 498 3005 derandas
528 2959 659 3025 resque
688 2945 888 3010 metiendas
915 2963 1064 3034 normae
1090 2951 1191 3009 tutae
1219 2964 1264 3010 ao
1293 2943 1437 3028 aequali

317 3047 467 3126 regulae
496 3051 777 3131 accommodam
810 3061 846 3116 et
874 3051 1017 3133 quidem
1048 3059 1130 3134 post
1158 3053 1265 3116 varia
1297 3052 1435 3136 experi·

317 3159 440 3216 menta
457 3173 479 3218 a
496 3155 680 3236 guberniis
698 3163 839 3221 tentata
865 3177 929 3240 pro
949 3160 1177 3241 assequenda
1202 3165 1240 3224 et
1258 3159 1434 3225 constabi-

317 3258 439 3323 lienda
454 3263 700 3328 uniformitate
714 3264 885 3345 ponderis
903 3283 946 3328 ac
965 3281 1167 3349 mensurae,
1182 3267 1326 3332 demum
1344 3263 1436 3350 apud

318 3431 476 3442 ——a--q-

316 3607 400 3646 narse
414 3593 657 3664 principalmente:
674 3598 714 3651 13⁴
727 3599 856 3665 perrnitir
869 3600 912 3652 los
931 3601 1054 3655 Estadcs
1069 3603 1196 3669 caninos,
1208 3604 1278 3656 cada
1298 3601 1435 3657 11101111

316 3665 442 3718 medicos
455 3683 472 3731 y
487 3667 503 3719 d
516 3670 557 3720 los
571 3685 625 3736 qne
637 3672 749 3736 ejercen
762 3671 939 3736 profesioues
951 3675 1085 3740 uniiugae
1098 3690 1135 3728 en
1158 3677 1184 3727 cl
1207 3681 1278 3737 otro,
1303 3677 1436 3742 practicur

317 3751 351 3788 su
370 3741 431 3787 arte
444 3753 479 3790 en
492 3740 673 3793 condiciones
686 3741 721 3793 de
735 3742 860 3808 perlecta
873 3743 1005 3808 igualdad
1020 3759 1073 3796 con
1087 3745 1129 3798 los
1144 3746 1270 3799 medicos
1284 3746 1332 3798 del
1347 3747 1435 3814 paisy

317 3822 369 3858 con
379 3809 549 3864 losmismos
563 3812 708 3874 derechos;
722 3816 763 3862 21
770 3813 910 3865 1111111111
921 3816 962 3866 los
971 3815 1104 3868 subdito·
1118 3817 1154 3870 de
1161 3819 1204 3870 las
1218 3819 1366 3883 potencias
1378 3829 1434 3868 oon·

316 3883 464 3946 tratantes,
479 3882 545 3948 bajo
559 3883 586 3934 la
599 3881 667 3936 base
680 3884 715 3936 (11
728 3885 854 3949 perlecta
866 3885 1009 3950 igualdad,
1022 3901 1059 3940 en
1084 3889 1127 3940 los
1150 3889 1310 3955 hospitales
1335 3889 1371 3942 dc
1397 3887 1435 3937 los

317 3948 369 4001 dos
383 3951 486 4016 paises,
501 3956 540 4004 ga
554 3954 664 4018 regular
677 3955 703 4006 el
717 3956 801 4008 modo
814 3957 850 4007 de
862 3956 991 4008 verifioar
1001 3958 1044 4010 las
1057 3957 1287 4013 inhumationes.

388 4025 427 4086 (ll
464 4025 500 4076 Se
513 4025 682 4078 consideran
696 4040 777 4078 corno
798 4027 927 4080 madidas
952 4031 1105 4082 sanitarias
1127 4029 1268 4098 1119111111
1293 4027 1433 4084 10111111

317 4089 524 4156 dispositiones
537 4093 694 4160 adoptadus
706 4112 743 4148 en
756 4097 859 4149 comtin
880 4114 931 4164 pcr
945 4099 987 4150 las
1000 4102 1136 4154 naciones
1156 4103 1194 4156 de
1216 4101 1331 4169 Europa
1343 4102 1432 4154 contra

317 4161 485 4241 laiuvasidn
498 4166 535 4217 de
547 4165 714 4232 epidemias,
728 4169 800 4220 tales
813 4184 894 4220 como
910 4170 936 4222 el
949 4171 1051 4234 colera,
1067 4173 1093 4224 la
1107 4179 1199 4240 peste,
1218 4173 1247 4224 la
1265 4172 1353 4226 lisbro
1365 4181 1431 4222 amu·

317 4231 381 4284 11111
393 4233 568 4300 importadas
580 4237 792 4302 generalmente
802 4239 851 4294 del
865 4239 989 4294 Oriente.
