3062 4994
558 339 739 397 -191-

95 477 319 544 nominantur
349 481 564 547 obventiones
586 481 635 566 (1)
668 487 731 547 aut
757 483 843 565 jura
859 483 1048 566 utriusque
1075 483 1207 565 stolae,

94 585 191 650 albae
205 591 244 650 et
260 588 390 670 nigrae
406 588 466 671 (2).

173 693 251 757 110.
300 693 467 758 Ecclesia
494 695 652 778 plurium
679 697 909 762 saeculorum
936 699 1119 780 spatioad
1135 701 1211 764 suis

92 799 367 864 necessitatibus
379 801 640 867 consulendum
653 803 781 868 mediis
798 804 957 886 propriis
988 823 1053 869 usa
1071 809 1139 886 est,
1158 809 1211 870 ni-

93 905 224 986 mirum,
270 908 514 972 oblationibus
532 907 704 991 fidelium,
735 910 935 975 redditibus
967 911 1131 978 deductis
1164 931 1212 978 ex

92 1013 257 1093 praediis,
293 1016 523 1096 caeterisque
551 1017 654 1080 bonis
682 1017 873 1082 stabilibus
905 1020 1068 1101 legitimo
1101 1022 1207 1086 titulo

92 1121 285 1202 acquisitio,
301 1125 413 1205 atque
425 1124 734 1204 praestationibus
748 1124 975 1206 obligatoriis
1005 1127 1120 1190 sacris
1152 1145 1212 1190 ca·

92 1226 236 1292 nonibus
255 1234 294 1293 et
310 1230 451 1311 legibus
467 1231 635 1294 civilibus
653 1232 815 1312 sancitis;
835 1232 911 1312 sed,
932 1238 1124 1316 postquam
1141 1235 1211 1300 hoc

91 1334 224 1398 nefasto
250 1336 401 1400 saeculo
425 1355 491 1418 per
506 1338 696 1419 gubernio,
716 1355 810 1420 quae
825 1339 995 1404 catholico
1012 1340 1129 1404 videri
1147 1359 1211 1406 vo·

91 1440 171 1520 lunt,
185 1443 480 1523 possessionibus
498 1451 608 1526 atque
625 1444 761 1508 divitiis
778 1445 901 1525 inique
918 1445 1106 1527 expoliata
1138 1446 1207 1512 luit

91 1549 122 1610 in
132 1547 324 1632 Hispania,
344 1549 478 1632 Gallia,
497 1551 635 1634 Belgio,
654 1550 775 1632 ltalia,
795 1552 955 1634 Austris,
975 1553 1129 1635 aliisque
1151 1570 1209 1617 re·

91 1656 261 1739 giouibus,
282 1664 357 1722 tum
376 1657 557 1740 Europae,
578 1663 653 1722 tum
681 1658 872 1722 Americae
905 1658 1071 1742 Latinae,
1106 1659 1207 1724 hisce

91 1764 280 1844 regnisvel
299 1765 494 1828 ditionibus
528 1765 783 1828 sustentationi
816 1766 935 1829 cultus
963 1771 1000 1830 et
1032 1767 1122 1831 oleri
1156 1772 1210 1832 at·

92 1870 232 1934 tendere
245 1875 392 1934 tenetur
409 1871 551 1935 modica
567 1872 809 1935 subventione
826 1873 907 1936 loco
935 1874 1112 1938 bonorum
1127 1892 1209 1938 suo·

93 1989 160 2038 rum
173 1994 220 2040 ex
233 1979 381 2041 aerario
398 1977 543 2060 publico
561 1979 631 2060 ipsi
648 1979 849 2060 assignata:
878 1979 962 2044 hinc
995 1981 1122 2062 quaeri
1151 1999 1208 2044 so-

93 2080 237 2165 letquid
249 2083 381 2148 dehac
413 2089 599 2166 postrema
630 2085 905 2150 sustentationis
934 2086 1053 2150 torma
1081 2090 1208 2150 nostra

93 2195 200 2255 aetate
218 2191 371 2255 inducta
379 2191 616 2272 judicandum
632 2193 678 2256 sit
692 2193 758 2280 sub
778 2197 929 2275 aspectu
954 2193 1124 2276 J'uridico,
1146 2210 1204 2258 ec·

94 2294 291 2362 clesiastico
309 2301 347 2361 et
363 2298 539 2378 practico.

170 2405 222 2468 1.⁰
271 2403 318 2468 Et
342 2403 389 2467 ad
413 2407 472 2490 jur
501 2403 597 2486 quod
625 2403 768 2485 attinet,
799 2405 976 2486 ejusmodi
1003 2405 1205 2470 novissima

93 2507 197 2574 torma
213 2511 353 2576 cultum
371 2509 555 2592 publicum
572 2511 773 2575 sustinendi
790 2511 1051 2594 religionisque
1086 2511 1208 2576 minis·

95 2619 158 2680 tros
172 2615 296 2681 alendi
309 2616 522 2699 estquidam
535 2618 926 2704 onussaoratissimum
939 2619 1090 2684 strictae
1100 2617 1208 2700 justi·

94 2721 166 2805 tiae3
180 2725 318 2788 etenim
330 2723 473 2803 solutio,
491 2741 585 2805 quae
604 2743 625 2787 a
639 2725 738 2788 civili
752 2723 855 2788 Statu
872 2723 1060 2789 Ecclesiae
1078 2725 1128 2807 tit,
1143 2726 1208 2790 mi·

96 2829 215 2895 ninime
256 2829 445 2894 aestimari
477 2835 597 2912 potest
627 2830 730 2895 velut
767 2847 870 2894 mera
901 2831 1105 2896 liberalitas
1142 2849 1208 2896 seu

152 3177 187 3240 (ll
228 3175 408 3232 Oboentiones
420 3174 678 3245 appellenturjnrn
689 3173 775 3229 stolae
795 3191 842 3229 sen
853 3175 945 3243 aliptes,
958 3191 1027 3243 qnae
1046 3177 1110 3242 pont
1123 3173 1209 3228 admi-

94 3244 199 3302 nistrato
210 3247 574 3316 Sanamentnpranernm
596 3245 735 3314 Baptismi
756 3250 782 3302 et
801 3245 984 3312 Matrimonii,
994 3249 1059 3313 post
1079 3245 1210 3326 exequiae

97 3315 292 3388 Desonciorum,
311 3321 434 3388 aliaeque
454 3318 596 3388 religiosus
610 3317 771 3387 functiones
790 3321 877 3372 enoris
887 3316 1038 3382 Ministris,
1058 3333 1209 3386 praecipue

96 3381 218 3459 Paccio,
240 3391 432 3445 tribuieolent.
456 3391 529 3445 Olim
553 3390 719 3457 hujusmodi
741 3391 831 3456 stipes
854 3390 1022 3442 erantsiout
1045 3389 1225 3442 oblationes·

95 3467 240 3523 spontanea
252 3464 374 3529 largitio,
384 3477 457 3530 quae
470 3462 574 3515 deinde
593 3465 623 3514 in
638 3461 810 3514 laudabilem
833 3461 1070 3514 consuetudinem
1085 3460 1165 3525 abiit,
1179 3465 1209 3514 et

26 3535 27 3538 ’
97 3529 120 3580 iu
131 3529 252 3587 Concilio
260 3535 448 3588 Lateranensi
469 3533 524 3586 sub
536 3533 704 3586 Innocentio
727 3532 771 3584 Ill
794 3532 911 3601 probata
933 3537 985 3595 est;
1000 3534 1106 3584 etenim
1129 3532 1161 3584 in
1174 3546 1209 3585 eo

26 4073 28 4144 ‚

26 4227 28 4288 l
99 4240 207 4314 delespd
216 4247 312 4301 medis
320 4245 564 4310 sanctificationis,
573 4261 647 4312 quae
656 4245 686 4297 in
696 4244 833 4298 societate
846 4241 1002 4296 christiana
1012 4241 1210 4295 inueniuntur.

96 3603 219 3658 mtntum
233 3606 290 3658 init
311 3607 494 3658 Sacramenta
506 3609 534 3657 ct
548 3605 656 3670 reliqua
665 3603 761 3656 officia
775 3619 855 3656 sacra
868 3602 956 3668 gratis
970 3601 1208 3668 administranda,

97 3675 162 3728 unls
172 3677 282 3730 scilicet
298 3678 449 3744 temporali
461 3691 491 3730 re
504 3679 554 3728 sut
565 3677 656 3742 petita
667 3680 716 3728 sut
730 3681 843 3741 recepta
855 3676 919 3728 unte
931 3671 1207 3736 administrationem

98 3741 180 3802 fidelos
192 3763 262 3802 vero
274 3749 311 3800 ed
324 3753 475 3802 consuetas
488 3748 646 3800 oblationes
656 3745 755 3814 teneri,
765 3747 835 3812 quin
845 3747 931 3797 etiam
943 3745 979 3797 ab
991 3745 1133 3812 Episcopo
1146 3744 1210 3810 cogi

97 3827 177 3885 posse,
188 3823 213 3874 si
227 3819 334 3872 offerre
344 3820 572 3872 detrectaverint.
904 3885 909 3896 Ι
1123 3886 1129 3900 ·
1147 3886 1152 3898 Ι

154 3889 191 3958 (2)
228 3889 303 3945 Oum
316 3891 353 3946 de
366 3889 587 3944 obventionibus
601 3892 630 3942 et
642 3887 846 3942 emolumentis
865 3889 960 3950 agitur
975 3884 1012 3938 ob
1037 3889 1206 3966 exercitium

98 3961 317 4016 sscnministerii
330 3963 475 4028 religionis
489 3961 629 4014 Ministris
642 3959 802 4026 justissime
812 3957 968 4022 soluendis,
977 3955 1029 4008 abs
1042 3972 1072 4008 re
1085 3971 1144 4008 non
1156 3959 1212 4008 erit

98 4031 309 4088 animadvertere
322 4047 462 4100 pauperes
474 4037 503 4084 et
516 4031 693 4085 miserabiles
715 4045 853 4096 personas
875 4029 963 4094 gratis
977 4025 1125 4079 adomnia
1145 4040 1211 4080 esse

98 4099 269 4172 statuenda,
282 4120 346 4158 cum
359 4105 469 4157 ratione
480 4119 550 4157 suae
574 4101 751 4170 paupertatis
763 4116 781 4154 a
794 4114 974 4168 quacumque
986 4099 1062 4164 stipe
1075 4100 1121 4152 vel
1134 4097 1210 4182 obla·

98 4171 162 4226 tione
171 4181 353 4242 excusentur,
366 4181 451 4242 atque
464 4175 579 4228 aliunde
591 4176 639 4242 J'us
662 4177 805 4240 integrum
818 4171 952 4236 habeant,
967 4171 1042 4222 siout
1063 4175 1168 4223 caeteri
1180 4169 1210 4220 fi-
