3062 4994
557 373 737 432 —171-

106 515 288 578 troversiae
319 517 548 597 praestantia
575 522 727 599 prepter
755 517 985 600 frequentem
1016 520 1211 601 potestatis

106 620 207 686 uirilis
233 621 460 686 invasionem
476 623 513 689 in
537 623 700 704 regimen
718 629 829 706 atque
857 625 1210 692 administrationem

103 725 285 812 Ecclesiae,
303 730 481 814 istiusque
504 731 639 812 jurium
668 733 829 815 iniquam
847 734 1097 814 violationem,
1115 733 1211 798 hanc

103 834 367 917 disputationem
391 839 558 919 sequenti
576 839 731 903 articulo
748 839 962 922 singillatim
980 839 1210 904 tractandam

103 941 334 1025 relinquimus.
360 983 389 1030 ¹·

477 1259 741 1327 ARTICULUS
757 1261 831 1328 IV.'

484 1486 491 1512 ι
520 1457 770 1524 sucularum

102 1633 135 1683 tt.
150 1631 436 1687 decorticatio-100.
456 1633 546 1700 Leges
571 1631 894 1688 merlenmaco-401.
916 1633 1091 1687 Ostendetur
1116 1633 1213 1701 hujus·

159 1706 232 1758 modi
254 1707 333 1770 leges
352 1719 417 1758 esse
436 1707 553 1758 omnino
571 1705 885 1771 improbandus-402.
908 1709 953 1758 An
972 1705 1047 1758 bona
1060 1707 1214 1775 Ecclesiae,

158 1791 229 1842 qnae
240 1778 327 1842 vulgo
337 1785 540 1844 nuncupantur
549 1791 681 1830 manuum
691 1781 871 1845 mortuorum,
882 1780 1007 1844 reputari
1017 1777 1131 1844 possint
1140 1793 1213 1830 conr·

159 1849 261 1900 mercio
274 1847 486 1900 nociva—10³.
506 1847 608 1900 Utrum
629 1847 788 1901 industriae
802 1865 867 1901 vere
881 1849 1117 1901 officiant-rec.
1137 1849 1212 1902 Num

158 1917 325 1972 indefinitae
339 1919 484 1971 Ecclesiae
505 1919 709 1985 acquisitiones
723 1921 900 1988 Principibus
921 1919 1118 1973 saecularibus
1130 1921 1213 1973 detri-

159 1997 285 2042 mentum
305 1989 412 2042 inierre
424 1990 647 2042 valeant-105.
667 1993 712 2042 An
736 1991 952 2059 Rempubllcam
974 1997 1024 2044 aut
1045 1991 1158 2044 civilem
1171 2007 1213 2046 so·

160 2063 290 2113 rietatem
303 2061 417 2114 laedere
430 2066 545 2127 queant.

176 2235 230 2301 99.
280 2237 509 2303 Vocabulum
537 2241 756 2305 amortiaatio
773 2245 828 2303 est
855 2237 1000 2321 quidem
1023 2239 1213 2321 hispanice

99 2343 337 2409 reubarbara
364 2349 401 2409 et
428 2347 587 2425 exotica,
609 2351 734 2428 utpote
763 2346 937 2428 originem
956 2345 1091 2410 ducens
1109 2365 1131 2408 a
1147 2345 1211 2410 lin·

98 2463 162 2527 gua
190 2451 337 2531 gallica,
357 2451 537 2532 nimirum,
558 2469 581 2515 a
598 2453 713 2516 verbo
732 2455 891 2532 amortir,
910 2470 980 2534 quo
1005 2451 1214 2534 significare

99 2553 286 2621 intenditur
302 2558 400 2622 bena
417 2557 606 2622 Ecclesiae
624 2575 704 2622 esse
722 2559 906 2624 censenda
923 2569 1106 2641 tamquam
1120 2575 1212 2622 mor·

99 2667 163 2742 tua,
180 2663 334 2726 stataria
350 2661 413 2727 vel
442 2663 603 2744 detenta,
622 2665 721 2746 quia,
737 2666 844 2745 juxta
873 2664 1034 2728 scholam
1060 2681 1211 2729 oecono·

100 2767 230 2850 nicam,
247 2769 285 2833 in
302 2769 429 2834 ordine
446 2770 718 2852 productivoet
735 2771 947 2854 pecuniario
965 2772 1042 2836 rita
1059 2772 1096 2836 in
1115 2777 1211 2836 motu

98 2875 160 2938 sita
185 2879 252 2952 eat,
279 2893 423 2959 nempe,
450 2878 487 2941 in
515 2877 750 2958 alienatione,
777 2879 1019 2943 translatione
1050 2879 1211 2959 dominii,

99 2982 354 3058 permutatione
385 2967 630 3064 praediorum,
650 3001 770 3048 rerum
801 2985 1031 3064 commercio,
1058 2984 1213 3066 aliisque

99 3086 206 3150 multis
224 3104 320 3168 quae
338 3095 473 3151 motum
502 3089 703 3170 requirunt,
724 3093 904 3172 quatenus
921 3089 1113 3153 mutationi
1131 3089 1212 3151 sub-

99 3199 183 3274 sunt,
212 3194 453 3277 diversasque
481 3195 768 3260 modificationes
797 3196 920 3260 subire
949 3201 1096 3277 queunt.
1130 3194 1213 3258 Jam

99 3313 188 3380 rere,
208 3317 292 3364 cnm
306 3285 417 3363 ¹bona
433 3299 634 3380 Ecclesiae,
655 3302 826 3366 effutiunt
855 3301 1001 3383 patroni
1019 3299 1213 3363 amortiza-

98 3403 207 3480 tionis.
226 3406 383 3472 alienari
400 3424 472 3472 non
495 3409 647 3489 possint,
667 3410 754 3492 quia
770 3409 838 3473 hcc
864 3425 929 3490 per
957 3425 1083 3471 sacros
1102 3425 1209 3472 cano·

97 3525 153 3576 nes
174 3521 211 3577 et
233 3514 336 3595 leges
353 3513 462 3578 etiam
480 3514 608 3578 civiles
640 3515 859 3596 prohibitum
888 3520 957 3594 est,
976 3513 1111 3596 optimo
1128 3515 1213 3595 jure

98 3621 248 3698 spectari
275 3619 410 3684 debent
437 3621 488 3684 uti
517 3621 637 3703 posita
669 3615 775 3685 extra
808 3621 1003 3684 humanum
1038 3638 1211 3685 commer-

99 3722 195 3808 cium,
213 3729 322 3791 extra
351 3731 486 3790 motum
516 3725 780 3809 productionis,
799 3726 954 3808 ideoque
979 3731 1084 3790 extra
1100 3729 1214 3790 vitam

98 3833 274 3914 propriam
292 3831 469 3896 benorum
488 3833 730 3897 materialium
748 3849 812 3896 seu
830 3833 1095 3914 temporalium.

176 3936 246 4004 Sed
273 3955 322 4003 ex
337 3955 434 4002 nunc
452 3955 692 4020 praemonere
710 3941 856 4020 eportet
872 3955 940 4002 nec
966 3938 1099 4017 omnia,
1119 3955 1215 4018 quae

99 4047 195 4109 extm
217 4045 473 4110 commercium
498 4053 593 4127 sunt,
613 4063 695 4111 esse
709 4051 863 4123 mortua,
883 4061 1001 4126 neque
1018 4043 1131 4107 vitam
1151 4048 1216 4108 aut

99 4149 363 4228 productionem
381 4141 615 4234 praediorum
631 4153 667 4217 in
686 4157 784 4216 motu
802 4167 866 4215 seu
882 4149 918 4212 in
938 4149 1215 4215 transmissione

99 4252 238 4322 dominii
265 4257 480 4340 consisters3
498 4257 633 4323 etenim
650 4264 793 4324 mortua
810 4273 899 4322 vere
928 4254 1000 4320 dici
1018 4255 1152 4322 debent
1169 4273 1217 4321 ea
