3058 4994
788 381 965 440 -rao-
1045 364 1048 379 '

317 529 438 611 prouti
465 543 576 608 supra
590 525 783 607 innuimus,
803 543 936 608 magna
952 523 1153 608 indigentia
1166 527 1203 590 et
1217 526 1451 591 necessitate
1516 538 1517 570 l

318 635 473 714 laboret,
506 633 685 716 aliterque
716 633 831 696 vitam
863 645 900 696 et
927 632 1159 697 existentiam
1191 649 1343 697 servare
1376 651 1446 697 ne·

319 745 442 823 queat;
459 737 485 819 ¹³)
503 755 583 804 cum
598 739 715 802 libera
739 739 811 802 sint
839 739 1105 820 negotiationes
1139 743 1176 803 et
1203 741 1451 819 commercia‚

319 849 500 929 integrum
537 849 594 910 est
633 845 762 928 cuique
796 845 934 910 nationi
965 846 1137 910 mercium
1178 849 1451 910 extranearum

317 952 611 1036 importationem
628 951 689 1015 vel
707 953 936 1036 propriarum
955 951 1246 1035 exportationem
1260 957 1323 1018 aut
1338 953 1446 1036 peni·

320 1065 377 1122 tus
394 1057 600 1140 prohibere,
616 1063 679 1121 aut
692 1057 822 1122 debitis
840 1057 1082 1140 vectigalibus
1096 1075 1280 1141 coercere,
1300 1061 1448 1141 quotie-

319 1180 490 1246 scumque
504 1162 540 1226 id
553 1163 762 1245 expostulat
780 1163 916 1228 utilitas
934 1165 1080 1246 publica
1107 1183 1171 1228 aen
1188 1165 1322 1229 bonum
1355 1185 1444 1248 pro-

320 1271 437 1352 prium
451 1269 600 1349 hujusce
613 1271 744 1352 gentis;
764 1275 788 1350 ⁰)
799 1271 859 1351 jue
872 1271 1019 1354 proprie
1033 1270 1167 1336 dictum
1182 1273 1447 1336 commercium

321 1395 400 1440 cum
419 1376 657 1440 alienatione
687 1377 883 1442 exercendi
915 1377 1138 1442 solummodo
1172 1379 1373 1462 acquiritur
1403 1381 1446 1444 vi

321 1483 542 1565 pactionum,
562 1483 995 1564 quibusdetermlnantur
1027 1483 1253 1548 conditiones
1286 1485 1448 1550 istarum
1518 1521 1519 1526 κ

321 1589 618 1671 negotiationum.

408 1693 464 1758 86.
516 1695 712 1762 Minister-ta
727 1697 915 1774 (cervicina)
935 1695 1236 1760 internatinnalia
1253 1697 1445 1762 nominan-

322 1812 380 1868 tur
398 1805 543 1886 quidam
558 1804 755 1867 famulatus
768 1821 831 1866 seu
849 1803 970 1866 officia
987 1820 1081 1884 quae
1098 1802 1220 1868 Status
1254 1809 1447 1886 tamqnam

223 1989 229 1996 ι
321 1927 501 1992 personae
514 1909 693 1992 juridicae
711 1909 896 1974 societatis
920 1909 1213 1973 internetionalis
1242 1911 1310 1974 sibi
1336 1929 1444 1992 prae·

322 2023 420 2081 stare
437 2019 556 2082 solent
573 2017 708 2099 triplici
724 2015 854 2080 intuitu
871 2019 1014 2079 mutuas
1046 2016 1243 2080 relationes
1275 2017 1449 2101 fovendi,
1519 2057 1520 2104 3

322 2125 469 2208 negotia
483 2125 687 2189 communia
700 2121 923 2202 moderandi,
942 2139 1084 2187 necnon
1118 2124 1375 2188 commercium
1393 2125 1443 2189 in·
1519 2117 1520 2120 '

323 2231 566 2296 tornationale
583 2231 768 2297 efficacius
785 2229 1024 2310 promovendi
1040 2228 1281 2312 augendique.

413 2337 597 2417 Ejusmodi
611 2335 813 2400 ministeria
830 2335 1071 2400 anationibua
1087 2335 1123 2399 in
1141 2335 1328 2418 proprium
1346 2353 1444 2399 com·

325 2444 466 2508 modum
484 2449 594 2527 atque
613 2449 772 2508 mutuum
786 2443 961 2524 juvamen
975 2441 1172 2524 implenda,
1192 2441 1237 2505 ad
1254 2459 1319 2506 aex
1338 2459 1446 2524 prae-

324 2552 431 2633 cipua
448 2551 571 2632 capita
588 2557 687 2614 recte
704 2549 873 2613 revocari
906 2553 1055 2630 queunt,
1089 2547 1273 2612 videlicet:
1290 2549 1444 2612 circula·
1520 2551 1521 2572 .

324 2657 458 2718 tionem
476 2655 897 2734 tabellariammorreoa),
928 2653 1181 2734 telegraphum
1213 2653 1448 2738 (teltprafca),

325 2762 404 2824 vias
422 2763 561 2824 ferreas
577 2761 863 2842 (farmontier),
879 2761 1121 2824 resolutiones
1135 2759 1344 2823 salutiferas
1364 2764 1444 2838 (me-

325 2867 427 2932 didus
442 2868 661 2946 raciter-ias),
681 2867 965 2931 uniformitatem
993 2865 1164 2949 ponderis
1189 2883 1236 2930 ac
1251 2883 1449 2931 mensurae

326 2973 580 3054 (uniformidad
596 2973 636 3036 dc
650 2993 753 3057 peace
769 2973 974 3058 ymedidaa)
994 2979 1103 3055 atque
1138 2973 1312 3036 unitatem
1345 2989 1443 3036 num·

326 3080 477 3144 mariam
492 3081 710 3166 (unificocioa
722 3081 763 3144 de
776 3080 968 3158 rnonedna).

413 3185 469 3250 87.
519 3184 652 3252 Omnes
685 3186 822 3267 optime
856 3189 991 3248 norunt
1030 3186 1293 3268 praestantiam
1334 3192 1448 3270 atque

326 3294 518 3358 utilitatem
535 3310 661 3357 cursus
678 3291 861 3354 tabellarii
893 3291 1186 3355 internetionalis
1216 3285 1361 3372 (correo
1394 3293 1441 3356 in-

325 3399 579 3479 ternacionel),
599 3407 637 3462 ut
650 3399 930 3463 communicatio
944 3399 1102 3480 gentium
1119 3399 1233 3479 magis
1252 3405 1441 3480 augeatur,

326 3515 362 3570 et
378 3507 589 3588 reciprocae
602 3503 765 3570 Statuam
791 3505 988 3569 relationes
1006 3505 1141 3569 firmius
1158 3505 1374 3586 regulentur
1401 3521 1446 3569 ac

326 3615 435 3677 tutius
452 3617 657 3692 servantum
678 3630 722 3676 ex
740 3630 810 3694 quo
824 3613 959 3677 lactum
977 3617 1044 3693 est,
1059 3619 1097 3676 ut
1110 3612 1307 3677 recentiori
1320 3617 1449 3676 aetate

327 3723 491 3786 nationes
509 3725 619 3803 atque
635 3721 812 3803 gubernia
829 3721 912 3784 huic
929 3719 1082 3802 speciali
1099 3718 1300 3783 ministerio
1333 3717 1443 3782 adim-

326 3826 457 3910 plendo
471 3831 507 3892 et
525 3827 745 3909 perficiendo
764 3825 927 3890 sedulam
946 3843 1071 3890 curam
1099 3823 1365 3906 impenderunt,
1381 3841 1448 3906 pa·-

325 3935 536 4015 ctionesque
552 3933 622 3997 hac
638 3933 682 3997 de
696 3950 736 3996 re
753 3932 845 3996 inire
862 3931 1007 4013 saepius
1021 3931 1253 3996 festinarunt.

414 4043 571 4106 Primum
589 4041 714 4105 habita
727 4047 810 4106 sunt
828 4045 938 4123 pacta
955 4041 1205 4122 particularia,
1222 4041 1338 4104 veluti
1350 4039 1446 4104 Unio

327 4149 521 4214 veredaria
553 4149 701 4231 (postal)
720 4165 786 4230 per
816 4147 1001 4212 Austriam
1036 4153 1073 4212 et
1104 4147 1313 4214 Borussiam
1348 4162 1444 4210 anno

327 4253 416 4319 1850
431 4255 586 4335 firmata,
605 4255 662 4318 cui
677 4253 815 4318 assensi
829 4257 911 4318 sunt
929 4254 1093 4337 plerique
1111 4251 1232 4318 Status
1257 4250 1444 4317 Germani-
