3096 4986
786 356 980 442 -1s-'

304 526 416 592 menti
433 525 689 604 vindicandam
708 525 885 590 adversus
910 525 1005 591 hanc
1038 523 1284 608 perniciosam
1315 527 1352 588 ct
1378 524 1431 588 te·

304 632 518 697 bronianam
561 632 777 711 doctrinam,
808 639 883 696 tum
917 637 1075 710 veteres,
1102 637 1177 694 tum
1203 629 1431 694 recentiores

304 739 499 820 regalistae
512 739 789 821 contutabimus,
807 744 1019 821 sequentem
1047 736 1178 801 thesim
1211 737 1431 800 brevissime

304 847 528 912 evincentes:
550 846 704 910 Potestas
716 865 830 922 sacra,
844 847 915 910 siae
930 843 1087 924 Ordinis,
1106 844 1179 906 siae
1204 841 1430 907 Jurisdictio·

303 954 359 1018 nis
376 953 491 1017 valide
511 953 711 1036 adquiritur
726 952 859 1016 etlicite
873 957 1054 1016 emercetur
1073 951 1200 1034 absque
1217 949 1292 1014 ulia
1311 949 1430 1032 parti·

305 1059 475 1142 ripatione
495 1057 714 1122 auctoritatis
732 1057 860 1136 omilim
877 1057 1019 1139 ideoque
1045 1056 1271 1138 Principibus
1294 1054 1432 1118 nulium

296 1166 360 1250 jus
368 1165 553 1246 proprium
568 1169 629 1226 aut
641 1164 974 1246 repraesentativum
984 1161 1144 1243 competit
1157 1159 1363 1224 instituendi
1377 1160 1432 1223 oei

305 1267 510 1352 designandi
523 1269 772 1332 ecclesiasticos
786 1269 980 1332 Ministros.

393 1372 542 1436 Duabus
559 1373 722 1455 partibus
740 1379 884 1436 constat
897 1372 1094 1436 enunciata
1110 1369 1326 1452 propositio,
1343 1387 1431 1450 qua-

304 1497 383 1542 rum
401 1479 519 1542 altera
536 1479 728 1542 veritatem
747 1479 830 1542 fidei
844 1479 1018 1559 explicite
1030 1483 1067 1542 et
1079 1477 1292 1541 solemniter
1308 1475 1432 1540 decla-

304 1595 422 1648 ratam
449 1585 616 1664 adstruit,
643 1601 785 1664 nempe,
811 1591 1030 1662 potestatem
1054 1581 1200 1648 Ordinis
1225 1589 1336 1663 atque
1368 1581 1432 1646 Ju-

304 1688 525 1751 risdictionis
553 1687 715 1752 validam
747 1692 783 1751 et
815 1689 952 1752 licitam
977 1705 1070 1770 esse,
1107 1689 1194 1770 quin
1227 1705 1294 1770 pro
1327 1691 1433 1750 recta

305 1791 466 1874 ejusdam
497 1793 738 1874 acquisitione
771 1794 831 1857 vel
862 1795 1023 1876 legitimo
1054 1795 1230 1882 exercitio
1260 1810 1352 1874 opus
1384 1793 1435 1857 sit

305 1917 496 1980 concursu,
515 1915 693 1964 consensu
709 1900 769 1964 vei
787 1899 1038 1980 designatione
1057 1898 1283 1963 Summorum
1313 1899 1433 1982 Impe-

305 2007 474 2085 rantium;
510 2005 628 2068 altera
656 2022 745 2068 vero
770 2004 974 2070 doctrinam
1007 2004 1432 2087 dogmatico-juridicam

305 2113 503 2192 haosuper
530 2129 569 2176 re
600 2111 744 2174 omnino
779 2111 1019 2192 profitendam
1052 2113 1237 2193 exprimit,
1273 2112 1431 2192 scilicet,

305 2217 421 2299 Reges
438 2225 475 2282 et
492 2217 727 2300 Magistratus
740 2219 949 2282 saeculares
965 2235 1084 2300 nequo
1103 2221 1249 2282 nomine
1264 2219 1432 2300 proprio,

305 2337 423 2406 neque
437 2325 561 2405 populi
579 2326 918 2405 repraesentatione
934 2341 1041 2406 posse
1070 2325 1138 2387 sibi
1163 2342 1341 2406 arrogare
1370 2325 1434 2405 Jus

305 2429 573 2494 interveniendi
595 2430 632 2493 in
650 2430 829 2494 electione
859 2435 921 2494 aut
952 2431 1212 2494 constitutione
1240 2449 1434 2494 sacrorum

305 2535 563 2600 ministrorum.

394 2639 521 2720 Quoad
536 2641 690 2722 primam
709 2641 820 2705 thesis
838 2649 979 2722 partem
998 2641 1042 2706 de
1059 2642 1129 2706 fide
1144 2647 1198 2706 est
1230 2659 1358 2706 sacras
1376 2659 1434 2705 or-

172 2745 192 2772 ·
306 2745 510 2810 dicationes
529 2746 672 2810 validas
705 2753 742 2810 et
767 2747 949 2828 legitimas
982 2765 1062 2811 esse
1092 2749 1171 2812 sine
1201 2749 1273 2812 ullo
1304 2749 1449 2830 populi,

170 2845 176 2851 ’
306 2851 495 2916 christiani
515 2851 708 2914 autlaicae
724 2853 914 2932 potestatis
943 2853 1093 2934 placito,
1126 2854 1337 2918 interventu
1369 2855 1436 2919 vei
1546 2933 1547 2940 ,

305 2959 511 3038 vocatione;
532 2957 665 3020 etenim
683 2957 896 3020 Tridentina
919 2957 1086 3038 Synodus
1103 2961 1270 3024 valorem
1289 2969 1325 3024 et
1342 2961 1434 3042 legi·

305 3065 499 3128 cimitatem
513 3063 700 3144 utriusque
715 3063 905 3144 potestatis
920 3069 993 3126 tum
1009 3061 1168 3145 Ordinis,
1188 3073 1263 3128 tum
1276 3065 1298 3129 J
1303 3065 1434 3130 urisdi-

306 3173 448 3252 ctionis,
467 3171 610 3234 seclusa
625 3187 851 3251 quacumque
866 3171 1103 3234 consentione
1117 3173 1177 3234 vel
1191 3172 1436 3238 interventio-

305 3297 351 3343 ne
368 3277 562 3356 saeculari,
583 3273 760 3340 canonica
778 3275 967 3338 sanctione
992 3274 1170 3342 definivit.

396 3383 631 3446 validitatem
650 3389 685 3444 et
698 3381 894 3444 liceitatem
913 3382 1104 3461 potcstatis
1118 3379 1264 3447 Ordinis
1277 3401 1437 3466 sequen·
1545 3405 1546 3418 ¹

306 3490 334 3552 ti
367 3505 507 3552 canone
535 3487 697 3550 tradidit:
712 3485 751 3550 m·
779 3487 856 3568 quie
887 3485 1059 3550 dicerit...
1093 3488 1240 3554 Ordines
1268 3489 1311 3553 ab
1341 3491 1437 3574 ipsis

306 3593 524 3677 (Episcopis)
545 3594 687 3658 collatos
702 3592 921 3674 ainepopuli,
941 3593 993 3655 nel
1020 3596 1203 3676 potestatis
1233 3597 1437 3662 saecularis

306 3717 481 3778 consensu,
499 3700 746 3762 autocraticne
763 3709 911 3760 luituros
928 3717 1014 3776 essa·
1031 3704 1092 3760 aut
1121 3718 1189 3778 eos,
1216 3701 1275 3782 qui
1301 3720 1363 3764 neo
1388 3703 1436 3766 ab

305 3805 562 3883 Ecclesiastico,
581 3809 613 3866 et
628 3804 795 3867 canonica
805 3809 976 3885 potestate
994 3803 1060 3866 rt'tc
1083 3803 1252 3884 ordinati,
1271 3825 1332 3870 neo
1348 3808 1436 3872 mis·

306 3915 336 3977 ai
349 3917 440 3992 sunt,
456 3909 516 3975 aad
531 3907 673 3972 aliunde
689 3909 840 3987 ueniunt,
856 3920 1060 3972 Lnotrmtos
1078 3929 1149 3974 esse
1165 3911 1273 3993 uerbi,
1307 3919 1340 3976 et
1366 3911 1436 3978 Sa·
1544 3903 1545 3914 ’

307 4023 560 4099 erameniorum
572 4013 764 4092 Ministror,
781 4011 964 4078 anathema
978 4013 1023 4078 cit
1039 4011 1099 4097 (l).

308 4171 493 4186 ——n

319 4293 321 4298 ,
355 4258 417 4329 ,(1)
445 4253 808 4316 essentitatem
864 4289 867 4296 ι
