3096 4986
587 341 746 400 ..95-

102 487 137 544 et
161 481 277 556 solam
299 481 505 548 Ecclesiam
523 484 625 549 velut
647 484 805 567 judicem
822 488 1089 568 competentem
1109 489 1230 552 trans·

103 589 294 670 gressiouis
318 589 398 670 ejus
430 589 551 672 legum
577 591 683 656 unice
699 608 782 656 esse
813 591 1034 672 habendam,
1055 593 1229 674 quoniam

104 693 145 758 de
159 695 397 761 observantie
415 698 476 762 vel
493 698 713 763 infractione
730 699 823 781 legis
841 699 904 764 ille
920 699 1089 780 judicare
1107 700 1228 784 debet,

103 804 161 886 qui
177 821 259 868 eam
282 805 418 886 condit;
439 805 535 888 quod
560 807 592 870 si
607 805 704 871 sacri
733 807 890 870 ministri
909 805 1230 872 animadversione
1360 847 1369 862 ·

104 911 162 976 vel
193 913 380 993 punitione
407 913 508 995 digni
540 918 727 995 putentur,
755 914 853 996 quia,
883 912 1028 995 legibus
1059 913 1229 978 civilibus

104 1018 367 1099 praetermissis
396 1025 434 1084 et
457 1019 604 1102 spretis,
622 1018 893 1084 ecclesiasticos
917 1035 1077 1084 canones
1106 1019 1144 1084 iu
1169 1019 1230 1085 de·

105 1126 296 1205 negatione
313 1126 377 1190 vel
400 1124 715 1190 administratione
738 1132 1054 1195 sacramentorum
1071 1126 1230 1192 fideliter

106 1236 265 1314 servent,
283 1233 371 1296 tuuc
396 1249 551 1314 pronum
578 1236 634 1297 est
665 1231 839 1314 colligere
872 1233 1101 1296 saecularem
1127 1238 1230 1315 pote-

107 1340 232 1402 statem
245 1337 380 1420 injuste
395 1355 519 1421 agere,
536 1339 574 1402 in
587 1338 672 1420 jura
688 1337 878 1404 Ecclesiae
890 1339 1080 1415 invadere,
1097 1344 1134 1402 et
1152 1339 1229 1402 ani-

107 1459 162 1506 mo
190 1442 309 1509 hostili
333 1461 424 1527 erga
452 1462 533 1509 eam
562 1462 643 1510 sese
669 1461 811 1527 gerere,
832 1445 916 1510 dum
929 1445 1097 1527 judicare
1117 1449 1229 1526 atque

108 1548 262 1630 plectere
278 1550 389 1616 audet
405 1551 605 1616 catholicos
622 1552 819 1633 ministros,
838 1553 901 1634 qui
914 1569 980 1634 pro
998 1569 1149 1616 munere
1162 1569 1228 1615 suo

110 1654 266 1722 obeundo
297 1658 337 1722 iu
364 1659 473 1723 rebus
501 1658 617 1722 sacris
645 1658 876 1723 conferendis
905 1663 942 1724 et
971 1657 1229 1742 dispensandis

112 1757 292 1828 Ecclesiae
308 1763 577 1846 legislationem
590 1764 804 1830 observant.

194 1868 244 1934 52.
292 1869 446 1934 Praeter
463 1875 706 1952 sacramenta,
724 1888 819 1953 quae
832 1871 941 1952 juxta
965 1870 1156 1952 theologos
1181 1888 1229 1934 ex

113 1971 178 2037 Dei
190 1975 411 2040 institutione
426 1977 658 2041 sanctitatem
672 1981 708 2041 et
717 1977 896 2059 justitiam
910 1982 984 2040 tum
998 1976 1228 2058 significandi

116 2083 185 2144 trrm
209 2081 390 2147 efficiendi
408 2083 481 2147 vim
498 2083 646 2165 habent,
664 2085 802 2148 suntin
824 2083 992 2148 Ecclesia
1008 2084 1082 2148 alia
1108 2083 1229 2146 media

115 2186 158 2250 ad
174 2190 455 2270 promovendam
473 2195 511 2254 et
527 2190 801 2256 custodiendam
829 2191 989 2256 fidelium
1022 2190 1228 2255 sanctifica-

116 2293 236 2360 tionem
253 2301 357 2362 recte
373 2297 541 2363 ordinata
558 2301 596 2362 ct
613 2303 815 2362 memoratu
828 2298 950 2381 digna,
965 2298 1147 2379 nimirum,
1162 2296 1228 2362 So·

117 2405 344 2487 memorialia,
364 2421 434 2486 quo
450 2405 597 2470 nomine
613 2405 833 2470 denotantur
849 2407 949 2491 sipon
966 2405 1136 2489 quaedam
1152 2425 1229 2470 seo·

118 2507 223 2574 altitio
240 2531 327 2594 poue
343 2513 494 2596 gratiam
516 2512 713 2598 significant
728 2519 761 2577 et
782 2513 971 2596 impetrant
989 2531 1032 2576 ca
1048 2510 1226 2576 Ecclesiae

118 2611 373 2682 institutiones
385 2619 560 2703 precibus,
579 2621 689 2700 atque
715 2617 882 2700 sequenti
916 2618 1099 2683 versiculo
1131 2635 1225 2682 oom-

118 2720 258 2786 muniter
271 2722 538 2804 exprimuntur:
552 2744 670 2805 oram,
682 2727 809 2791 tinctus
821 2725 1093 2807 (aspersiones),
1113 2727 1226 2806 edens,

119 2828 291 2912 confessos,
309 2829 399 2895 door
413 2829 710 2915 (eleemosynae),
736 2831 947 2897 benedicens.
977 2830 1110 2896 Notum
1129 2849 1224 2896 com·

118 2941 317 3019 portumque
345 2941 400 3000 est
426 2936 603 3018 ejusmodi
630 2938 748 3020 signs,
767 2939 935 3020 quamvis
966 2957 1038 3003 uou
1076 2955 1225 3021 opereu-

119 3040 168 3103 tur
193 3059 238 3107 ex
269 3057 381 3126 opere
412 3049 563 3126 operato
591 3047 630 3110 ut
657 3049 903 3128 sacramenta,
935 3046 1002 3110 sed
1036 3065 1082 3110 ex
1117 3061 1229 3126 opere

119 3150 303 3233 operantis,
322 3154 446 3215 tamen
462 3150 500 3214 vi
516 3151 706 3217 Ecclesiae
722 3169 872 3236 precum
904 3153 1055 3235 eJusque
1083 3153 1226 3216 iustitu-

118 3251 212 3320 tionis
227 3273 401 3340 magnum
418 3257 594 3322 auxilium
617 3263 729 3342 atque
752 3259 915 3323 salutare
926 3260 1103 3340 juvamen
1121 3275 1228 3340 pree·

119 3363 204 3425 sture
229 3363 289 3447 pie
321 3363 517 3446 utentibus,
550 3365 736 3448 multoque
768 3366 883 3448 magis
911 3365 1085 3448 prodesse
1117 3383 1228 3447 quarn

120 3479 217 3547 opera
231 3470 380 3552 pietatis
394 3471 554 3552 privata.

194 3573 280 3642 (lum
296 3576 395 3659 apud
423 3593 548 3642 omues
572 3577 769 3660 religiones
800 3581 837 3641 et
868 3577 1077 3642 exstiterint
1105 3581 1143 3642 et
1167 3595 1229 3661 ea-

120 3679 201 3745 stent
213 3681 358 3764 quidam
372 3681 463 3748 ritus
480 3683 561 3764 plus
579 3683 746 3747 minusve
762 3683 943 3748 solemnes
978 3683 1125 3766 aliaque
1149 3701 1229 3748 seu·

119 3783 224 3854 sibilia
240 3790 346 3872 sigua
365 3789 413 3854 ab
430 3789 648 3855 auctoritate
663 3790 837 3872 religiosa
859 3791 1029 3856 instituta
1053 3808 1119 3872 pro
1145 3807 1228 3871 pro-

119 3893 232 3976 selytis
264 3895 448 3978 juvandis·
477 3895 524 3960 ad
564 3897 701 3962 cultum
735 3896 931 3962 Divinitati
967 3895 1226 3979 exhibendum,

118 4000 267 4068 eamdem
280 4001 510 4086 placandam,
528 4003 679 4086 eJusque
695 4003 874 4068 beneflcio
896 4001 1142 4086 impetranda,
1161 4000 1229 4066 Ec-

22 4177 24 4192 ,
118 4104 218 4172 closis
233 4106 424 4175 catholica
439 4127 553 4175 verae
567 4111 755 4194 religionis
773 4116 895 4176 custos
927 4127 972 4176 ac
1001 4111 1228 4193 depositaria

22 4229 24 4252 ι
117 4214 273 4292 praefata
288 4215 558 4299 medinpotiori
574 4217 717 4283 ratione
748 4217 936 4297 adhibere,
970 4217 1230 4299 praescribere
