3062 4994
530 401 708 460 -113-

80 542 369 609 administratores
396 545 515 610 officio
542 561 607 609 suo
636 548 735 608 recte
753 543 995 608 satisfaciant:
1014 545 1070 609 sin
1089 563 1178 612 vero

81 667 172 732 opera
187 652 248 734 pia
259 651 370 716 alicui
384 653 552 716 societati
567 652 877 732 commendentur,
893 659 979 716 tunc
992 655 1178 718 exsecutio

25 739 26 816 s
81 759 352 839 piacvoluntatis
368 759 429 824 vel
454 759 690 824 committitur
716 758 884 824 societati
913 759 1101 840 perfectae
1119 760 1181 824 vel

25 943 26 946 Ἴ
81 866 306 948 imperfectae;
325 870 356 932 si
371 868 540 932 societati
566 868 767 949 perfectae,
787 884 893 930 omne
914 867 973 947 J‘us
992 867 1038 930 ad
1055 867 1179 932 Eccle-

25 959 26 964 ’
81 973 152 1036 siam
169 974 337 1056 pertinet,
356 975 491 1056 quippe
510 973 554 1037 de
580 991 691 1056 scopo
709 973 880 1054 religioso
898 973 1031 1056 agitur,
1051 979 1087 1038 et
1105 975 1179 1057 qui·

25 1069 27 1100 ³
82 1075 143 1140 dem
171 1079 207 1142 in
241 1080 434 1144 utilitatem
464 1081 651 1145 societatis
679 1080 885 1162 religiosae;
917 1081 948 1143 si
976 1089 1096 1146 autem
1125 1101 1179 1146 so·

82 1183 183 1248 ciebati
210 1186 449 1268 imperfectae
478 1187 699 1251 concedatur
724 1204 813 1251 cura
838 1193 874 1250 et
890 1185 1101 1270 adimpletio
1130 1188 1181 1271 pii

25 1325 26 1368 5
82 1294 195 1373 operis,
213 1310 293 1356 cum
318 1293 586 1358 adsociaticnes
614 1294 854 1376 imperfectae
879 1295 1047 1358 societati
1064 1297 1181 1377 perfe-

82 1401 144 1460 ctae
158 1405 194 1462 et
208 1399 455 1483 homogenaea
469 1401 682 1483 subdantur,
702 1419 814 1484 opera
831 1401 904 1484 pia,
923 1402 1016 1466 sicut
1033 1409 1182 1466 caetera

83 1507 195 1588 omnia,
212 1525 303 1590 quac
322 1508 368 1572 ad
385 1508 493 1572 tinem
520 1509 729 1589 religiosum
747 1509 967 1604 referuntur,
987 1510 1054 1572 sub
1082 1513 1180 1590 pote-

83 1615 157 1676 state
184 1611 367 1678 Ecclesiae
396 1615 542 1695 cadunt,
562 1622 598 1678 et
627 1615 757 1679 saltem
787 1615 949 1696 ejusdem
966 1615 1182 1696 vigilantiae

83 1717 222 1784 subsunt.
239 1719 403 1785 Dicimus
420 1721 500 1804 pias
517 1739 648 1804 operas
665 1721 703 1784 in
720 1722 788 1784 hoc
805 1739 892 1785 casu
909 1721 1039 1785 saltem
1058 1722 1181 1787 Eccle-

83 1821 143 1886 siae
158 1827 366 1907 vigilantiae
380 1845 461 1892 esse
477 1828 675 1909 subJectas,
692 1827 777 1908 quia
793 1831 893 1892 recte
910 1833 947 1891 et
963 1829 1183 1910 regulariter

83 1932 195 2007 poterit
211 1934 367 1998 societas
382 1935 554 2016 religiosa
570 1935 731 1998 rationes
749 1937 876 2015 petere
893 1935 939 1998 ab
954 1934 1180 2000 administra-

84 2037 199 2101 toribus
222 2058 244 2102 a
261 2039 457 2104 fundatore
483 2039 694 2123 designatis3
713 2040 743 2104 si
772 2039 947 2104 autemid
975 2041 1084 2104 fuerit
1101 2060 1181 2122 pro-

84 2139 221 2226 hibitum,
253 2147 339 2228 quia
371 2147 451 2228 ipsa
484 2152 616 2210 natura
648 2146 767 2228 operis
801 2147 962 2228 impedit,
993 2149 1183 2228 quominus

84 2249 231 2317 reddatur
259 2253 356 2316 ratio
387 2253 723 2333 administrationis,
750 2259 789 2316 ut
818 2271 898 2317 cum
927 2253 1089 2316 redditus
1118 2273 1183 2336 pro

86 2359 282 2439 pauperibus
316 2360 470 2423 occultis
503 2360 735 2424 sucurrendis
770 2359 1009 2442 destinantur,
1041 2377 1184 2444 semper

84 2461 283 2530 intervenire
302 2467 437 2548 poterit
453 2466 490 2530 in
504 2483 591 2530 casu
610 2465 788 2530 evidentis
803 2467 948 2530 abusus.

152 2571 203 2635 63.
252 2573 484 2655 Usquemodo
515 2557 559 2636 de
586 2573 655 2636 hac
674 2589 714 2635 re
742 2572 885 2636 ratione
909 2572 1068 2636 naturali
1087 2573 1186 2638 ducti

86 2672 339 2760 disputavimus;
359 2677 500 2744 sienim
519 2697 565 2743 ex
590 2679 674 2760 jure
691 2679 863 2761 positivo,
881 2681 957 2742 turn
977 2678 1090 2760 civili,
1111 2685 1186 2744 tum

87 2786 236 2850 canonico
262 2786 513 2868 argumentari
530 2786 698 2867 velimus,
712 2791 829 2850 vacat
845 2785 1030 2869 quaelibet
1055 2786 1185 2870 disqui-

86 2885 158 2970 sitio,
176 2891 260 2973 quia
287 2891 408 2973 agitur
438 2891 482 2954 dc
511 2909 551 2954 rc
576 2890 743 2972 Judicata
767 2897 804 2955 et
828 2893 1041 2973 quaestione
1070 2894 1183 2958 finita.

87 2988 270 3078 Enimvero,
290 3015 337 3061 ex
365 3013 446 3080 cap.
474 2996 551 3062 Nos
569 3011 718 3072 eorunm
742 3003 779 3061 et
795 3015 877 3080 cap.
898 2997 980 3062 Tua
1009 3013 1118 3064 nonis
1146 3001 1186 3064 da

90 3095 222 3184 fastam,
240 3121 384 3167 necnon
408 3120 454 3167 ex
470 3102 511 3166 L.
531 3102 576 3166 28
592 3101 715 3167 NULLI
743 3115 880 3166 muman
905 3101 991 3167 Ocd.
1011 3105 1051 3168 de
1068 3104 1186 3187 Epioe.

88 3207 115 3266 et
130 3203 206 3273 dier.
223 3213 351 3291 aperte
379 3213 524 3274 constat
541 3226 667 3273 curam
691 3212 727 3272 et
744 3210 1015 3273 exsecutionem
1045 3210 1188 3291 piarum

90 3307 340 3394 dispositionum
366 3315 413 3380 ad
440 3315 641 3398 Episcopos
659 3315 856 3396 pertinere;
876 3316 955 3380 ticet
983 3317 1085 3380 ettam
1103 3336 1125 3378 a
1142 3323 1187 3380 ta-

90 3423 253 3487 statoridas
270 3423 308 3487 id
325 3422 533 3508 coatiaperct
561 3421 733 3502 interdici,
764 3425 802 3485 ut
832 3421 991 3503 loquitur
1019 3419 1188 3484 Pontifex

89 3519 212 3592 laudato
237 3545 320 3610 cap.
348 3527 430 3593 Tus
446 3541 567 3610 nouis,
587 3527 765 3611 siquidem
781 3527 894 3609 leges,
915 3544 1009 3609 quae
1035 3527 1187 3592 faculta-

90 3637 146 3694 tem
159 3633 254 3699 illam
270 3634 462 3718 Episcopis
480 3633 680 3715 contulere,
696 3633 829 3697 mutari
842 3637 1027 3716 nequeunt
1041 3635 1190 3716 privata

89 3741 250 3806 testatoris
268 3741 471 3806 voluntate:
490 3762 588 3806 nemo
603 3747 714 3826 potest
730 3741 768 3805 ia
793 3747 991 3806 testamento
1015 3762 1076 3806 auc
1095 3762 1188 3806 cove-

89 3862 127 3922 re,
141 3866 175 3910 aa
190 3849 276 3935 depes
303 3849 341 3914 ia
357 3869 419 3914 auo
447 3855 646 3914 testamento
670 3849 781 3936 locam
807 3847 963 3928 babeant,
982 3847 1033 3910 uti
1057 3847 1189 3927 legitur

89 3946 123 4012 L.
138 3951 184 4018 58.
201 3957 240 4021 ff.
262 3958 306 4021 de
323 3957 401 4042 Lep.
420 3959 456 4020 et
472 3955 761 4037 Fideicommisa.,·
779 3959 888 4037 atque
916 3955 953 4018 in
970 3953 1191 4018 Antheutica

91 4051 184 4125 Lluar
206 4065 245 4128 de
261 4063 380 4149 Episc.
399 4066 436 4127 et
455 4059 555 4144 dier,
574 4079 715 4126 necnon
732 4060 769 4124 in
785 4060 941 4125 Novella
959 4060 1021 4124 131
1047 4077 1128 4143 cap.
1149 4061 1189 4126 11

92 4168 264 4252 praecipue
281 4169 461 4234 sancitum
481 4175 548 4250 est,
563 4168 679 4232 invito
698 4168 808 4232 etiam
825 4171 1013 4248 testatore,
1025 4167 1085 4247 jns
1108 4166 1190 4249 Epi-

90 4273 189 4355 scopis
202 4293 280 4341 esse
293 4276 374 4358 pias
387 4275 596 4341 voluntates
610 4274 680 4339 sibi
694 4273 874 4339 curandae
890 4276 926 4338 et
939 4273 1191 4357 exsequendas

1123 4381 1139 4431 a
