3038 4994
776 351 953 410 -216-

301 495 451 562 Putricr'i
468 493 905 576 nonaliamdignitatem,
923 495 1058 575 autjus
1087 493 1284 558 contulisse
1313 509 1433 575 quam

302 602 494 688 defensoris
511 599 699 666 Ecclesiae
711 599 909 683 Romanae;
924 598 951 681 ι’)
970 601 1082 666 fuisse
1099 601 1272 666 collatum
1294 619 1316 664 a
1332 599 1433 665 Pon·

302 709 458 773 tificibus
475 707 622 789 regibus
638 707 874 790 Francorum,
892 709 943 773 uti
973 727 996 772 a
1022 713 1207 791 potestate
1233 707 1432 790 superiore
1511 697 1512 788 Q

302 815 480 894 inferiori;
513 818 539 894 ⁰)
556 814 674 896 Reges
690 813 866 896 Francos,
900 814 1002 880 velut
1029 813 1218 897 patricios,
1236 814 1432 896 professos
1511 821 1512 896 ξ

302 922 415 986 fuisse
427 921 640 986 fidelitatem
653 929 690 985 et
722 921 965 986 obedientiam
989 921 1125 1003 Papae,
1139 927 1250 1004 atque
1281 921 1354 986 hac
1381 921 1434 986 de
1511 947 1512 1014 j

303 1045 415 1092 causa
432 1035 584 1092 vocatos
598 1045 679 1092 esse
694 1029 832 1094 Pidsler
844 1029 947 1094 Beati
963 1029 1073 1093 Petri.

392 1133 445 1196 29
492 1131 620 1213 Quoad
640 1135 855 1219 Dignitatem
871 1135 1094 1218 Imperiulem
1125 1133 1243 1198 denuo
1271 1133 1433 1199 restabi·

302 1239 418 1320 litam,
433 1257 673 1321 praemonere
685 1247 829 1322 oportet
842 1241 985 1304 titulum
1001 1239 1237 1321 ImperatorIs
1253 1240 1357 1304 nulla
1371 1241 1432 1322 ju·

303 1363 346 1410 ra
362 1346 592 1428 majestatica
606 1348 774 1411 conferre
792 1347 828 1411 in
846 1346 1045 1411 Romanam
1074 1347 1212 1428 urbem,
1243 1353 1433 1412 caeteras·

304 1469 374 1535 que
392 1452 548 1518 ditiones
578 1453 799 1534 Pontificias3
819 1455 952 1518 etenim
980 1453 1184 1535 Imperator
1216 1452 1433 1519 Occidentis
1511 1439 1512 1528 Ῐ

304 1559 422 1623 medio
440 1577 533 1624 aevo
550 1559 660 1624 valde
678 1560 911 1643 discrepabat
940 1561 986 1625 ab
1016 1562 1165 1643 antiquo
1200 1561 1434 1643 Imperatore
1511 1611 1512 1626 2

305 1662 476 1746 Orientis3
495 1683 579 1731 nam
591 1667 627 1730 hi
641 1675 746 1732 erant
763 1667 983 1732 monarchae
1012 1669 1159 1751 proprie
1176 1668 1264 1733 dicti
1292 1670 1330 1732 in
1356 1673 1432 1734 ter·
1511 1669 1512 1744 ζ

304 1771 431 1836 ritorio
463 1774 566 1854 cujus
591 1775 734 1840 titulum
761 1775 987 1857 imperialem
1004 1776 1194 1858 gerebant;
1220 1775 1434 1858 Imperator
1511 1755 1512 1770 ³

305 1895 394 1942 vero
412 1877 593 1945 Romanus
607 1901 629 1945 a
645 1881 819 1946 Pontifice
831 1880 953 1945 Leone
969 1881 1023 1945 Ill
1046 1889 1192 1946 creatus
1222 1882 1434 1947 habebatur
1511 1939 1512 1944 ,

305 1989 444 2049 tantum
461 1987 576 2052 veluti
589 1987 759 2052 defensor
772 1994 935 2052 armatus
949 1988 1172 2052 christianae
1188 1990 1379 2053 societatis
1393 1990 1434 2053 in

306 2087 517 2174 Occidente,
537 2101 573 2157 et
591 2095 728 2175 primus
742 2096 837 2158 inter
856 2091 1112 2160 Occidenteles
1129 2094 1317 2176 Principes
1335 2095 1430 2160 chri-

305 2197 455 2279 stianos,
475 2200 561 2282 quin
590 2201 724 2264 nullius
756 2200 928 2265 territorii
953 2201 1197 2282 principatum
1230 2201 1300 2266 boc
1329 2219 1433 2266 mero

305 2303 411 2368 titulo
425 2305 617 2387 obtineret,
638 2307 706 2370 nisi
716 2307 794 2388 jam
809 2307 955 2370 aliunde
968 2307 1167 2371 habuisset.

395 2409 569 2492 Quavas
583 2420 703 2478 eutem
736 2415 908 2495 temporis
926 2431 1100 2494 processu
1117 2431 1254 2478 corona
1287 2431 1432 2496 germa-

306 2517 390 2581 nica
406 2522 582 2603 (argentea
599 2521 822 2600 nuncupata)
842 2526 878 2582 et
906 2519 1031 2582 italica
1049 2521 1181 2604 (ferrea
1206 2519 1321 2602 dicta)
1347 2537 1432 2585 con·
1511 2535 1512 2574 1

303 2627 452 2707 junctae
470 2628 542 2691 sint
559 2646 640 2692 cum
659 2628 836 2709 dignitate
849 2627 1042 2709 imperiali,
1061 2629 1147 2710 quia
1163 2628 1226 2692 ille
1256 2627 1334 2692 Rex
1367 2629 1432 2692 eli-

307 2733 474 2814 gebatur,
490 2734 550 2815 qui
563 2734 692 2816 dignus
705 2741 801 2798 esset
813 2733 1014 2816 recipiendi
1028 2753 1050 2797 a
1064 2733 1239 2800 Pontifice
1254 2753 1432 2800 coronam
1511 2775 1512 2818 2

307 2839 533 2920 imperialem
552 2844 707 2920 (aureum
735 2841 986 2923 appellatam);
1006 2845 1169 2906 attamen
1199 2843 1334 2908 civitas
1364 2843 1428 2907 Ro·

244 2999 246 3004 .
306 2961 389 3008 mae
405 2951 514 3026 atque
532 2952 680 3009 caetera
698 2945 881 3010 Pontificis
913 2945 1073 3010 dominia
1099 2963 1258 3010 coronae
1287 2963 1432 3028 germa-
1511 2929 1512 3018 1

307 3051 413 3114 nicae
445 3055 508 3114 aut
539 3051 687 3115 italicae
705 3053 850 3116 minime
882 3052 1048 3133 subjecta
1077 3059 1195 3116 erunt:
1230 3053 1315 3116 hinc
1349 3070 1433 3117 eum
1511 3081 1512 3094 ¹

307 3159 463 3240 populus
494 3158 967 3240 romanuslmperatoribus
999 3160 1036 3222 in
1069 3161 1150 3240 ipsa
1181 3159 1431 3224 coronationis

308 3265 530 3328 caerimonia
543 3264 755 3329 fidelitatem
766 3266 920 3346 juraret,
936 3273 1148 3348 sequentem
1161 3266 1431 3330 restrictionem

308 3370 650 3452 adjiciebat-salva
679 3371 844 3458 fidelitate
871 3374 944 3457 jum
972 3374 1150 3456 promissa
1181 3372 1333 3438 Domino
1366 3373 1431 3438 Pa·
1511 3363 1512 3380 ¹

301 3495 429 3562 pac-3
464 3495 510 3541 ex
551 3495 620 3559 quo
649 3477 882 3560 consequitur
910 3477 1092 3542 Romanos
1124 3477 1319 3542 Pontifices
1352 3494 1432 3542 esse

307 3582 495 3664 Principes
512 3601 713 3664 supremos,
731 3583 977 3664 Imperatores
1001 3589 1122 3648 autem
1136 3583 1350 3650 defensores
1367 3584 1432 3648 Pa·

308 3695 429 3770 paeet
456 3689 591 3770 populi,
610 3696 719 3771 atque
741 3689 915 3752 bonorem
948 3697 984 3752 et
1014 3691 1263 3754 reverentiam
1295 3690 1432 3756 eisdem

308 3795 468 3860 debitam
486 3797 629 3860 omnino
644 3795 803 3878 pendere
817 3813 839 3859 a
852 3796 1090 3862 submissione
1107 3815 1174 3879 per
1191 3798 1292 3880 ipsos
1307 3797 1433 3862 Roma·

308 3919 355 3966 no
372 3901 537 3966 Pontifici
553 3901 789 3984 praestanda,
805 3919 946 3966 necnon
959 3921 980 3965 a
993 3901 1092 3966 fideli
1126 3903 1366 3968 observantia
1395 3902 1431 3966 in

308 4007 540 4091 adimplendo
557 4025 706 4072 munere
723 4007 926 4073 Ecclesiam
950 4016 986 4074 et
1017 4009 1270 4090 Apostolicam
1298 4009 1428 4076 Sedem
1511 4017 1512 4028 ¹

308 4113 434 4178 tuendi
451 4113 627 4179 adversus
640 4115 802 4178 internos
821 4119 1065 4198 externosque
1078 4115 1214 4180 hostes.

401 4218 475 4282 123.
523 4220 786 4301 Argumentum
794 4221 1005 4306 juridicum.
1023 4220 1078 4286 Ad
1095 4219 1326 4304 probandum
1344 4219 1432 4307 juri·
