3062 4994
797 355 956 412 ..96-

315 499 353 562 et
373 496 562 578 applicare
578 499 710 579 potest,
729 497 925 580 etquidem
946 513 1129 580 suprema,
1148 497 1301 578 propria
1331 499 1446 579 atque

315 603 507 668 exclusiva
526 603 761 682 auctoritate;
780 608 902 668 tamen
919 603 1027 668 etiam
1043 602 1113 668 hac
1129 619 1240 684 super
1263 621 1305 668 re
1320 620 1448 685 repro·
1526 587 1527 638 ³

314 708 396 774 bari
415 713 602 772 merentur
619 710 817 774 nonnullae
830 709 1084 791 usurpationes
1098 709 1219 773 civilis
1234 709 1448 791 potestatis,

315 833 409 897 quae
428 815 494 878 sub
509 815 644 879 frivolo
660 821 769 897 atquc
779 815 951 880 ementito
961 814 1233 897 superstitionis
1248 820 1450 897 praetextu
1526 839 1527 856 ²

314 921 497 986 interdum
515 921 585 986 sibi
599 922 788 1003 arrogavit
797 921 856 1002 jus
874 920 1065 986 ordinandi
1080 921 1141 986 vel
1159 920 1377 986 moderandi
1390 938 1449 986 sa·

315 1028 562 1093 oramentales
579 1027 669 1093 ritus
683 1033 928 1111 externasque
945 1027 1132 1107 religionis
1149 1045 1291 1109 preces.
1526 1017 1527 1048 ³

405 1135 484 1216 Age
500 1135 578 1216 jam
597 1133 799 1198 meridiana
815 1135 896 1199 luce
913 1137 1016 1216 patet
1042 1134 1171 1198 nativa
1187 1139 1226 1198 ct
1253 1131 1451 1198 exclusiva
1526 1137 1527 1222 j

318 1238 507 1304 Ecclesiae
527 1240 771 1322 competentia
787 1257 853 1322 pro
878 1239 1207 1304 sacramentalibus
1224 1239 1448 1317 statuendis,
1526 1251 1527 1314 ,

319 1362 517 1427 eorumque
535 1363 602 1410 usu
618 1345 784 1410 fidelibus
801 1345 1072 1429 praecipiendo:
1091 1363 1178 1410 nam
1191 1347 1362 1427 primum,
1382 1347 1451 1411 vix
1526 1373 1527 1434 j

316 1451 628 1516 demonstratione
645 1452 782 1533 indiget
798 1451 1001 1516 Ecclesiam
1014 1452 1193 1516 facultate
1209 1453 1320 1516 insita
1334 1457 1457 1535 atque·
1526 1447 1527 1508 ἒ

311 1557 474 1638 juridica
491 1558 630 1638 pollere
647 1557 853 1637 huJusmodi
869 1558 975 1640 signa
992 1557 1309 1640 caerimoniasque
1345 1559 1451 1622 insti-

316 1664 453 1742 tuendi,
474 1681 554 1729 cum
581 1664 667 1728 hino
699 1666 900 1729 certissime
917 1669 1060 1730 constet
1077 1664 1124 1730 ad
1141 1665 1354 1746 religiosam
1385 1683 1450 1730 au·

318 1771 526 1834 ctoritatem
543 1770 701 1835 attinere
719 1787 862 1836 omnem
885 1770 1088 1836 divinitatis
1107 1771 1246 1835 cultum
1277 1770 1451 1835 determi·
1526 1763 1527 1850 ξ

315 1893 405 1939 nare
423 1881 459 1940 et
477 1877 706 1958 organizare,
741 1893 882 1941 necnon
912 1876 1038 1942 fideles
1070 1877 1264 1958 adJuvare,
1296 1881 1336 1941 ut
1366 1877 1450 1942 Deo

294 2054 296 2057 ,
315 1984 461 2065 accepti
478 1983 582 2063 flant;
601 1984 703 2047 illinc
720 2001 809 2048 vero
826 1984 1058 2065 exploratum
1084 1985 1132 2048 sit
1159 1985 1452 2049 sacramentalia

315 2088 362 2152 ad
382 2089 518 2153 cultum
546 2087 624 2152 Deo
642 2088 914 2171 praestandum,
945 2089 1193 2172 coelestiaque
1224 2090 1322 2155 dona
1354 2091 1451 2156 obti·
1526 2135 1527 2150 ,

315 2195 437 2259 nenda
467 2193 675 2258 immediate
692 2193 835 2258 referri:
855 2193 997 2276 deinde,
1013 2201 1178 2277 potestas
1195 2199 1451 2261 sacramenta-

316 2301 366 2364 lia
385 2299 596 2364 instituendi
615 2298 803 2364 Ecclesiae
820 2301 1008 2366 exclusiva
1025 2301 1212 2383 competit,
1232 2301 1320 2384 quia
1353 2301 1452 2367 dire·

316 2410 412 2470 ctam
432 2411 470 2468 et
501 2405 666 2470 intimam
683 2424 764 2470 cum
781 2407 852 2471 fine
869 2407 1051 2488 spirituali
1068 2407 1284 2472 relationem
1318 2407 1450 2490 habet,

316 2511 496 2594 siquidem
513 2512 692 2592 ejusmodi
714 2513 820 2594 signa
843 2517 880 2577 et
896 2513 1059 2596 religiosi
1075 2515 1166 2580 ritus
1182 2514 1231 2578 ad
1248 2515 1359 2584 tinem
1375 2515 1450 2598 spi·
1526 2503 1527 2584 l

316 2617 499 2697 ritualom,
530 2617 637 2680 immo
667 2617 777 2682 etiam
803 2619 1120 2700 supernaturalem
1153 2621 1260 2686 unice
1293 2620 1449 2704 ducant,

317 2737 398 2784 cum
441 2737 487 2784 ex
518 2721 574 2785 sui
605 2726 739 2786 natura
771 2723 817 2787 ad
848 2725 1006 2806 gratiam
1037 2725 1307 2809 impetrandam
1335 2730 1451 2809 atque

316 2827 644 2892 sanctificationem
676 2829 958 2914 procurandam,
990 2831 1197 2914 augendam
1228 2837 1266 2896 et
1298 2849 1451 2898 conser-

316 2933 478 2998 vandam
495 2933 660 3015 tendant,
679 2937 775 3018 quod
799 2936 944 3020 quidem
972 2937 1112 3003 directe
1128 2938 1177 3004 ad
1191 2939 1308 3003 vitam
1325 2941 1451 3004 aeter·

316 3057 401 3104 nam
419 3040 620 3118 ordinatur,
645 3059 688 3106 ac
705 3042 857 3123 proinde
875 3043 1127 3108 ecclesiastica
1146 3045 1342 3127 potestatis
1356 3045 1451 3127 Juri·
1526 3041 1527 3114 l

316 3143 485 3210 sdictioni
501 3147 692 3212 exclusive
708 3153 744 3210 et
760 3147 970 3212 immediate
986 3149 1115 3215 subsit.
1526 3157 1527 3246 l

404 3251 460 3316 53.
508 3251 565 3316 Ad
582 3251 770 3316 Ecclesiae
794 3255 1051 3319 auctoritatem
1075 3255 1158 3336 June
1186 3273 1333 3338 quoque
1363 3273 1452 3338 pro·

315 3357 396 3439 prio
413 3364 557 3438 spectat
589 3377 678 3423 cura
710 3364 819 3442 atque
855 3359 1036 3425 ordinatio
1067 3360 1187 3428 &titas
1207 3363 1347 3428 Publici
1381 3362 1452 3428 sub
1526 3405 1527 3450 ,

255 3535 259 3544 Ι
315 3461 452 3541 triplici
469 3465 573 3529 titulo
591 3482 636 3528 ac
651 3473 820 3547 respectu
832 3467 901 3532 ioci
918 3467 1119 3532 necessarii
1136 3467 1198 3533 ubi
1211 3473 1450 3550 exerceatur,

318 3569 481 3648 temporis
509 3571 764 3634 convenientis
789 3589 859 3652 quo
883 3572 1066 3638 celebrari
1095 3579 1280 3657 oporteat,
1299 3579 1338 3640 ct
1353 3577 1463 3642 modi·
1526 3553 1527 3632 i

317 3667 513 3752 adaequati
529 3671 632 3736 illum
646 3674 860 3756 peragendi.

408 3773 458 3840 1.⁰
475 3773 603 3856 Quoad
620 3779 731 3846 locam
747 3781 865 3846 cultus
882 3782 1020 3865 publici
1035 3784 1171 3868 inquiri
1187 3789 1312 3869 potest
1347 3787 1452 3871 quid·

317 3897 401 3944 nam
416 3881 509 3961 Juris
529 3881 725 3949 Ecclesiae
758 3893 941 3970 competat
956 3890 993 3954 in
1010 3891 1087 3958 loca
1117 3892 1352 3974 determinata
1385 3910 1452 3958 seu

318 3985 431 4050 cultui
448 3987 594 4069 publico
615 3990 821 4058 exhibendo
849 3996 1060 4077 specialiter
1074 3997 1209 4082 dicata,
1242 3999 1452 4081 cujusmodi
1526 3993 1527 4030 i
