<?xml version="1.0" encoding="UTF-8"?>
<!DOCTYPE html PUBLIC "-//W3C//DTD XHTML 1.0 Transitional//EN"
    "http://www.w3.org/TR/xhtml1/DTD/xhtml1-transitional.dtd">
<html xmlns="http://www.w3.org/1999/xhtml" xml:lang="en" lang="en">
 <head>
  <title>
</title>
<meta http-equiv="Content-Type" content="text/html;charset=utf-8" />
  <meta name='ocr-system' content='tesseract 3.04.00' />
  <meta name='ocr-capabilities' content='ocr_page ocr_carea ocr_par ocr_line ocrx_word'/>
</head>
<body>
  <div class='ocr_page' id='page_1' title='image "./juspublicumeccl00ferngoog_0113.png"; bbox 0 0 3062 4994; ppageno 0'>
   <div class='ocr_carea' id='block_1_1' title="bbox 779 383 956 442">
    <p class='ocr_par' dir='ltr' id='par_1_1' title="bbox 779 383 956 442">
     <span class='ocr_line' id='line_1_1' title="bbox 779 383 956 442; baseline 0 -14"><span class='ocrx_word' id='word_1_1' title='bbox 779 383 956 442; x_wconf 77' lang='lat'>..108-</span> 
     </span>
    </p>
   </div>
   <div class='ocr_carea' id='block_1_2' title="bbox 304 521 1454 3581">
    <p class='ocr_par' dir='ltr' id='par_1_2' title="bbox 304 521 1453 1140">
     <span class='ocr_line' id='line_1_2' title="bbox 306 521 1453 610; baseline -0.004 -20"><span class='ocrx_word' id='word_1_2' title='bbox 306 527 446 592; x_wconf 90' lang='lat' dir='ltr'>creatio</span> <span class='ocrx_word' id='word_1_3' title='bbox 459 525 658 608; x_wconf 85' lang='lat' dir='ltr'>Ecclesiae,</span> <span class='ocrx_word' id='word_1_4' title='bbox 677 531 855 610; x_wconf 87' lang='lat' dir='ltr'>qnatenus</span> <span class='ocrx_word' id='word_1_5' title='bbox 878 526 949 590; x_wconf 92' lang='lat' dir='ltr'>ista</span> <span class='ocrx_word' id='word_1_6' title='bbox 980 529 1127 608; x_wconf 89' lang='lat' dir='ltr'>pactum</span> <span class='ocrx_word' id='word_1_7' title='bbox 1159 523 1342 588; x_wconf 88' lang='lat' dir='ltr'>sociorum</span> <span class='ocrx_word' id='word_1_8' title='bbox 1373 521 1453 586; x_wconf 90' lang='lat' dir='ltr'>fir-</span> 
     </span>
     <span class='ocr_line' id='line_1_3' title="bbox 308 629 1451 716; baseline -0.006 -18"><span class='ocrx_word' id='word_1_9' title='bbox 308 639 395 714; x_wconf 90' lang='lat' dir='ltr'>mat,</span> <span class='ocrx_word' id='word_1_10' title='bbox 415 649 552 716; x_wconf 88' lang='lat' dir='ltr'>suaque</span> <span class='ocrx_word' id='word_1_11' title='bbox 566 633 723 714; x_wconf 88' lang='lat' dir='ltr'>positiva</span> <span class='ocrx_word' id='word_1_12' title='bbox 741 633 1005 715; x_wconf 77' lang='lat' dir='ltr'><strong>approbatione</strong></span> <span class='ocrx_word' id='word_1_13' title='bbox 1023 631 1149 696; x_wconf 90' lang='lat' dir='ltr'>munit:</span> <span class='ocrx_word' id='word_1_14' title='bbox 1173 629 1259 694; x_wconf 89' lang='lat' dir='ltr'>hinc</span> <span class='ocrx_word' id='word_1_15' title='bbox 1275 629 1451 694; x_wconf 91' lang='lat' dir='ltr'>dissolu-</span> 
     </span>
     <span class='ocr_line' id='line_1_4' title="bbox 309 735 1451 822; baseline -0.004 -20"><span class='ocrx_word' id='word_1_16' title='bbox 309 747 347 802; x_wconf 93' lang='lat' dir='ltr'>ta</span> <span class='ocrx_word' id='word_1_17' title='bbox 359 740 520 822; x_wconf 90' lang='lat' dir='ltr'>legitime</span> <span class='ocrx_word' id='word_1_18' title='bbox 536 739 725 822; x_wconf 88' lang='lat' dir='ltr'>societate,</span> <span class='ocrx_word' id='word_1_19' title='bbox 740 739 837 804; x_wconf 89' lang='lat' dir='ltr'>bona</span> <span class='ocrx_word' id='word_1_20' title='bbox 853 739 948 804; x_wconf 91' lang='lat' dir='ltr'>inter</span> <span class='ocrx_word' id='word_1_21' title='bbox 964 737 1082 802; x_wconf 89' lang='lat' dir='ltr'>socios</span> <span class='ocrx_word' id='word_1_22' title='bbox 1115 737 1341 816; x_wconf 89' lang='lat' dir='ltr'>dividuntur,</span> <span class='ocrx_word' id='word_1_23' title='bbox 1362 735 1451 799; x_wconf 90' lang='lat' dir='ltr'>nisi</span> 
     </span>
     <span class='ocr_line' id='line_1_5' title="bbox 304 840 1451 928; baseline -0.003 -19"><span class='ocrx_word' id='word_1_24' title='bbox 304 847 388 927; x_wconf 90' lang='lat' dir='ltr'>jure</span> <span class='ocrx_word' id='word_1_25' title='bbox 413 845 570 928; x_wconf 89' lang='lat' dir='ltr'>positivo</span> <span class='ocrx_word' id='word_1_26' title='bbox 588 851 624 910; x_wconf 88' lang='lat' dir='ltr'>et</span> <span class='ocrx_word' id='word_1_27' title='bbox 639 845 758 910; x_wconf 89' lang='lat' dir='ltr'>libera</span> <span class='ocrx_word' id='word_1_28' title='bbox 789 845 1079 910; x_wconf 88' lang='lat' dir='ltr'>consociatorum</span> <span class='ocrx_word' id='word_1_29' title='bbox 1105 843 1295 907; x_wconf 89' lang='lat' dir='ltr'>voluntate</span> <span class='ocrx_word' id='word_1_30' title='bbox 1327 840 1451 906; x_wconf 92' lang='lat' dir='ltr'>aliud</span> 
     </span>
     <span class='ocr_line' id='line_1_6' title="bbox 307 949 1453 1033; baseline -0.004 -18"><span class='ocrx_word' id='word_1_31' title='bbox 307 957 461 1033; x_wconf 90' lang='lat' dir='ltr'>constet,</span> <span class='ocrx_word' id='word_1_32' title='bbox 494 953 629 1033; x_wconf 89' lang='lat' dir='ltr'>quippe</span> <span class='ocrx_word' id='word_1_33' title='bbox 654 967 759 1016; x_wconf 89' lang='lat' dir='ltr'>omne</span> <span class='ocrx_word' id='word_1_34' title='bbox 787 952 847 1031; x_wconf 89' lang='lat' dir='ltr'>jus</span> <span class='ocrx_word' id='word_1_35' title='bbox 879 951 915 1014; x_wconf 92' lang='lat' dir='ltr'>in</span> <span class='ocrx_word' id='word_1_36' title='bbox 941 949 1158 1014; x_wconf 80' lang='lat' dir='ltr'>collectione</span> <span class='ocrx_word' id='word_1_37' title='bbox 1190 957 1453 1031; x_wconf 89' lang='lat' dir='ltr'>personarum</span> 
     </span>
     <span class='ocr_line' id='line_1_7' title="bbox 309 1053 1382 1140; baseline -0.004 -20"><span class='ocrx_word' id='word_1_38' title='bbox 309 1055 554 1138; x_wconf 88' lang='lat' dir='ltr'>physicarum,</span> <span class='ocrx_word' id='word_1_39' title='bbox 568 1074 662 1140; x_wconf 89' lang='lat' dir='ltr'>quae</span> <span class='ocrx_word' id='word_1_40' title='bbox 675 1056 959 1122; x_wconf 89' lang='lat' dir='ltr'>adsociationem</span> <span class='ocrx_word' id='word_1_41' title='bbox 972 1061 1206 1136; x_wconf 89' lang='lat' dir='ltr'>componunt,</span> <span class='ocrx_word' id='word_1_42' title='bbox 1228 1053 1382 1118; x_wconf 81' lang='lat' dir='ltr'><strong>residet.</strong></span> 
     </span>
    </p>

    <p class='ocr_par' dir='ltr' id='par_1_3' title="bbox 308 1159 1454 2626">
     <span class='ocr_line' id='line_1_8' title="bbox 399 1159 1451 1245; baseline -0.001 -20"><span class='ocrx_word' id='word_1_43' title='bbox 399 1163 452 1226; x_wconf 83' lang='lat'>3.⁰</span> <span class='ocrx_word' id='word_1_44' title='bbox 499 1161 809 1245; x_wconf 75' lang='lat' dir='ltr'>congregationes</span> <span class='ocrx_word' id='word_1_45' title='bbox 827 1162 996 1244; x_wconf 88' lang='lat' dir='ltr'>publicae</span> <span class='ocrx_word' id='word_1_46' title='bbox 1027 1159 1221 1244; x_wconf 80' lang='lat' dir='ltr'>collepiaiea</span> <span class='ocrx_word' id='word_1_47' title='bbox 1255 1159 1451 1240; x_wconf 87' lang='lat' dir='ltr'>majorem</span> 
     </span>
     <span class='ocr_line' id='line_1_9' title="bbox 309 1267 1452 1351; baseline -0.002 -20"><span class='ocrx_word' id='word_1_48' title='bbox 309 1267 357 1332; x_wconf 88' lang='lat' dir='ltr'>ab</span> <span class='ocrx_word' id='word_1_49' title='bbox 370 1267 535 1334; x_wconf 81' lang='lat' dir='ltr'>Ecclesia</span> <span class='ocrx_word' id='word_1_50' title='bbox 552 1269 831 1351; x_wconf 75' lang='lat' dir='ltr'>dependentium</span> <span class='ocrx_word' id='word_1_51' title='bbox 860 1267 1056 1350; x_wconf 86' lang='lat' dir='ltr'>jnridicam</span> <span class='ocrx_word' id='word_1_52' title='bbox 1079 1267 1217 1332; x_wconf 88' lang='lat' dir='ltr'>habent</span> <span class='ocrx_word' id='word_1_53' title='bbox 1237 1271 1349 1348; x_wconf 91' lang='lat' dir='ltr'>atque</span> <span class='ocrx_word' id='word_1_54' title='bbox 1380 1283 1452 1329; x_wconf 84' lang='lat' dir='ltr'>ar-</span> 
     </span>
     <span class='ocr_line' id='line_1_10' title="bbox 310 1371 1450 1456; baseline -0.002 -20"><span class='ocrx_word' id='word_1_55' title='bbox 310 1373 470 1438; x_wconf 89' lang='lat' dir='ltr'>ctissimo</span> <span class='ocrx_word' id='word_1_56' title='bbox 500 1392 597 1438; x_wconf 85' lang='lat' dir='ltr'>nexu</span> <span class='ocrx_word' id='word_1_57' title='bbox 636 1375 753 1438; x_wconf 90' lang='lat' dir='ltr'>eidem</span> <span class='ocrx_word' id='word_1_58' title='bbox 784 1375 1014 1456; x_wconf 90' lang='lat' dir='ltr'>copulantur,</span> <span class='ocrx_word' id='word_1_59' title='bbox 1045 1373 1136 1438; x_wconf 89' lang='lat' dir='ltr'>adeo</span> <span class='ocrx_word' id='word_1_60' title='bbox 1171 1381 1209 1436; x_wconf 92' lang='lat' dir='ltr'>ut</span> <span class='ocrx_word' id='word_1_61' title='bbox 1244 1371 1450 1453; x_wconf 90' lang='lat' dir='ltr'>specialis-</span> 
     </span>
     <span class='ocr_line' id='line_1_11' title="bbox 308 1479 1451 1562; baseline -0.001 -19"><span class='ocrx_word' id='word_1_62' title='bbox 308 1479 424 1544; x_wconf 86' lang='lat' dir='ltr'>simae</span> <span class='ocrx_word' id='word_1_63' title='bbox 442 1481 657 1562; x_wconf 81' lang='lat' dir='ltr'>vigilantiae</span> <span class='ocrx_word' id='word_1_64' title='bbox 674 1487 710 1546; x_wconf 90' lang='lat' dir='ltr'>ct</span> <span class='ocrx_word' id='word_1_65' title='bbox 734 1481 965 1544; x_wconf 83' lang='lat' dir='ltr'>immediatae</span> <span class='ocrx_word' id='word_1_66' title='bbox 983 1479 1212 1544; x_wconf 82' lang='lat' dir='ltr'>auctoritatis</span> <span class='ocrx_word' id='word_1_67' title='bbox 1236 1479 1451 1560; x_wconf 86' lang='lat' dir='ltr'>religiosae</span> 
     </span>
     <span class='ocr_line' id='line_1_12' title="bbox 312 1585 1454 1667; baseline 0.001 -19"><span class='ocrx_word' id='word_1_68' title='bbox 312 1585 548 1650; x_wconf 86' lang='lat' dir='ltr'>moderamini</span> <span class='ocrx_word' id='word_1_69' title='bbox 561 1585 916 1666; x_wconf 68' lang='lat' dir='ltr'>subdantur;eten‚im</span> <span class='ocrx_word' id='word_1_70' title='bbox 930 1585 1097 1652; x_wconf 83' lang='lat' dir='ltr'>Ecclesia</span> <span class='ocrx_word' id='word_1_71' title='bbox 1108 1585 1314 1667; x_wconf 79' lang='lat' dir='ltr'>hansrnodi</span> <span class='ocrx_word' id='word_1_72' title='bbox 1330 1585 1454 1649; x_wconf 88' lang='lat' dir='ltr'>adso-</span> 
     </span>
     <span class='ocr_line' id='line_1_13' title="bbox 311 1691 1448 1775; baseline 0.002 -21"><span class='ocrx_word' id='word_1_73' title='bbox 311 1691 488 1756; x_wconf 89' lang='lat' dir='ltr'>ciationes</span> <span class='ocrx_word' id='word_1_74' title='bbox 506 1693 678 1773; x_wconf 90' lang='lat' dir='ltr'>erigendo</span> <span class='ocrx_word' id='word_1_75' title='bbox 696 1693 732 1756; x_wconf 93' lang='lat' dir='ltr'>in</span> <span class='ocrx_word' id='word_1_76' title='bbox 749 1711 926 1775; x_wconf 88' lang='lat' dir='ltr'>personas</span> <span class='ocrx_word' id='word_1_77' title='bbox 943 1693 1089 1758; x_wconf 83' lang='lat' dir='ltr'>fictitias</span> <span class='ocrx_word' id='word_1_78' title='bbox 1106 1692 1302 1758; x_wconf 80' lang='lat' dir='ltr'>dictinctos</span> <span class='ocrx_word' id='word_1_79' title='bbox 1320 1709 1346 1755; x_wconf 90' lang='lat' dir='ltr'>a</span> <span class='ocrx_word' id='word_1_80' title='bbox 1360 1691 1448 1756; x_wconf 91' lang='lat' dir='ltr'>col·</span> 
     </span>
     <span class='ocr_line' id='line_1_14' title="bbox 311 1797 1451 1879; baseline 0.001 -18"><span class='ocrx_word' id='word_1_81' title='bbox 311 1799 469 1870; x_wconf 89' lang='lat' dir='ltr'>lectione</span> <span class='ocrx_word' id='word_1_82' title='bbox 486 1798 752 1864; x_wconf 92' lang='lat' dir='ltr'>individuorum</span> <span class='ocrx_word' id='word_1_83' title='bbox 764 1817 828 1864; x_wconf 90' lang='lat' dir='ltr'>seu</span> <span class='ocrx_word' id='word_1_84' title='bbox 845 1799 1068 1879; x_wconf 90' lang='lat' dir='ltr'>singulorum</span> <span class='ocrx_word' id='word_1_85' title='bbox 1082 1800 1274 1879; x_wconf 89' lang='lat' dir='ltr'>sociorum,</span> <span class='ocrx_word' id='word_1_86' title='bbox 1283 1797 1451 1863; x_wconf 89' lang='lat' dir='ltr'>easdem</span> 
     </span>
     <span class='ocr_line' id='line_1_15' title="bbox 310 1905 1447 1987; baseline 0.002 -19"><span class='ocrx_word' id='word_1_87' title='bbox 310 1911 527 1984; x_wconf 90' lang='lat' dir='ltr'>creat,suam</span> <span class='ocrx_word' id='word_1_88' title='bbox 543 1906 839 1986; x_wconf 83' lang='lat' dir='ltr'>personalitatem</span> <span class='ocrx_word' id='word_1_89' title='bbox 852 1905 903 1969; x_wconf 92' lang='lat' dir='ltr'>eis</span> <span class='ocrx_word' id='word_1_90' title='bbox 918 1906 1354 1987; x_wconf 89' lang='lat' dir='ltr'>communicat,ipsasqne</span> <span class='ocrx_word' id='word_1_91' title='bbox 1368 1907 1447 1970; x_wconf 88' lang='lat' dir='ltr'>sub</span> 
     </span>
     <span class='ocr_line' id='line_1_16' title="bbox 309 2013 1445 2095; baseline 0 -19"><span class='ocrx_word' id='word_1_92' title='bbox 309 2021 462 2093; x_wconf 88' lang='lat' dir='ltr'>aspectu</span> <span class='ocrx_word' id='word_1_93' title='bbox 475 2013 631 2092; x_wconf 90' lang='lat' dir='ltr'>juridico</span> <span class='ocrx_word' id='word_1_94' title='bbox 648 2013 684 2076; x_wconf 94' lang='lat' dir='ltr'>in</span> <span class='ocrx_word' id='word_1_95' title='bbox 703 2030 798 2078; x_wconf 91' lang='lat' dir='ltr'>novo</span> <span class='ocrx_word' id='word_1_96' title='bbox 816 2013 942 2078; x_wconf 91' lang='lat' dir='ltr'>ordine</span> <span class='ocrx_word' id='word_1_97' title='bbox 959 2031 1003 2078; x_wconf 90' lang='lat' dir='ltr'>ac</span> <span class='ocrx_word' id='word_1_98' title='bbox 1020 2013 1210 2095; x_wconf 85' lang='lat' dir='ltr'>categoria</span> <span class='ocrx_word' id='word_1_99' title='bbox 1227 2013 1445 2092; x_wconf 89' lang='lat' dir='ltr'>constituit,</span> 
     </span>
     <span class='ocr_line' id='line_1_17' title="bbox 310 2117 1452 2200; baseline 0.002 -19"><span class='ocrx_word' id='word_1_100' title='bbox 310 2117 397 2181; x_wconf 91' lang='lat' dir='ltr'>licet</span> <span class='ocrx_word' id='word_1_101' title='bbox 414 2125 541 2199; x_wconf 92' lang='lat' dir='ltr'>rogatu</span> <span class='ocrx_word' id='word_1_102' title='bbox 568 2117 794 2198; x_wconf 90' lang='lat' dir='ltr'>privatorum</span> <span class='ocrx_word' id='word_1_103' title='bbox 811 2119 1074 2184; x_wconf 88' lang='lat' dir='ltr'>institutionem</span> <span class='ocrx_word' id='word_1_104' title='bbox 1091 2119 1386 2200; x_wconf 85' lang='lat' dir='ltr'>excogitantium</span> <span class='ocrx_word' id='word_1_105' title='bbox 1408 2129 1452 2183; x_wconf 89' lang='lat' dir='ltr'>et</span> 
     </span>
     <span class='ocr_line' id='line_1_18' title="bbox 310 2222 1441 2306; baseline 0.001 -18"><span class='ocrx_word' id='word_1_106' title='bbox 310 2224 526 2305; x_wconf 86' lang='lat' dir='ltr'>optantium:</span> <span class='ocrx_word' id='word_1_107' title='bbox 544 2222 629 2288; x_wconf 92' lang='lat' dir='ltr'>hinc</span> <span class='ocrx_word' id='word_1_108' title='bbox 645 2225 814 2288; x_wconf 85' lang='lat' dir='ltr'>extinctis</span> <span class='ocrx_word' id='word_1_109' title='bbox 831 2225 891 2288; x_wconf 92' lang='lat' dir='ltr'>vel</span> <span class='ocrx_word' id='word_1_110' title='bbox 904 2225 1110 2306; x_wconf 84' lang='lat' dir='ltr'>suppressis</span> <span class='ocrx_word' id='word_1_111' title='bbox 1119 2225 1228 2305; x_wconf 90' lang='lat' dir='ltr'>jnstis</span> <span class='ocrx_word' id='word_1_112' title='bbox 1242 2223 1286 2288; x_wconf 93' lang='lat' dir='ltr'>de</span> <span class='ocrx_word' id='word_1_113' title='bbox 1305 2226 1441 2289; x_wconf 88' lang='lat' dir='ltr'>causis</span> 
     </span>
     <span class='ocr_line' id='line_1_19' title="bbox 312 2329 1451 2412; baseline 0.002 -20"><span class='ocrx_word' id='word_1_114' title='bbox 312 2329 488 2409; x_wconf 80' lang='lat' dir='ltr'>eJusmodi</span> <span class='ocrx_word' id='word_1_115' title='bbox 504 2330 987 2412; x_wconf 87' lang='lat' dir='ltr'>societatibusimperiectis,</span> <span class='ocrx_word' id='word_1_116' title='bbox 1002 2347 1128 2394; x_wconf 89' lang='lat' dir='ltr'>earum</span> <span class='ocrx_word' id='word_1_117' title='bbox 1161 2331 1257 2394; x_wconf 92' lang='lat' dir='ltr'>bona</span> <span class='ocrx_word' id='word_1_118' title='bbox 1289 2337 1327 2394; x_wconf 91' lang='lat' dir='ltr'>et</span> <span class='ocrx_word' id='word_1_119' title='bbox 1351 2332 1451 2411; x_wconf 88' lang='lat' dir='ltr'>jura</span> 
     </span>
     <span class='ocr_line' id='line_1_20' title="bbox 310 2435 1449 2518; baseline 0.003 -18"><span class='ocrx_word' id='word_1_120' title='bbox 310 2435 475 2516; x_wconf 86' lang='lat' dir='ltr'>socialia,</span> <span class='ocrx_word' id='word_1_121' title='bbox 494 2441 618 2516; x_wconf 89' lang='lat' dir='ltr'>utpote</span> <span class='ocrx_word' id='word_1_122' title='bbox 634 2436 801 2516; x_wconf 87' lang='lat' dir='ltr'>sejuncta</span> <span class='ocrx_word' id='word_1_123' title='bbox 818 2455 840 2500; x_wconf 92' lang='lat' dir='ltr'>a</span> <span class='ocrx_word' id='word_1_124' title='bbox 858 2437 1084 2518; x_wconf 90' lang='lat' dir='ltr'>singulorum</span> <span class='ocrx_word' id='word_1_125' title='bbox 1108 2437 1342 2518; x_wconf 90' lang='lat' dir='ltr'>collectione,</span> <span class='ocrx_word' id='word_1_126' title='bbox 1365 2456 1449 2503; x_wconf 94' lang='lat' dir='ltr'>non</span> 
     </span>
     <span class='ocr_line' id='line_1_21' title="bbox 312 2541 1185 2626; baseline 0.005 -22"><span class='ocrx_word' id='word_1_127' title='bbox 312 2541 360 2604; x_wconf 90' lang='lat' dir='ltr'>ad</span> <span class='ocrx_word' id='word_1_128' title='bbox 377 2543 617 2622; x_wconf 85' lang='lat' dir='ltr'>consociatos,</span> <span class='ocrx_word' id='word_1_129' title='bbox 636 2542 701 2606; x_wconf 92' lang='lat' dir='ltr'>sed</span> <span class='ocrx_word' id='word_1_130' title='bbox 717 2543 762 2607; x_wconf 88' lang='lat' dir='ltr'>ad</span> <span class='ocrx_word' id='word_1_131' title='bbox 780 2543 984 2608; x_wconf 74' lang='lat' dir='ltr'>Ecclesiam</span> <span class='ocrx_word' id='word_1_132' title='bbox 1001 2551 1185 2626; x_wconf 87' lang='lat' dir='ltr'>spectant.</span> 
     </span>
    </p>

    <p class='ocr_par' dir='ltr' id='par_1_4' title="bbox 313 2645 1454 3581">
     <span class='ocr_line' id='line_1_22' title="bbox 401 2645 1451 2732; baseline 0.004 -24"><span class='ocrx_word' id='word_1_133' title='bbox 401 2647 456 2710; x_wconf 78' lang='lat'>59.</span> <span class='ocrx_word' id='word_1_134' title='bbox 505 2645 611 2711; x_wconf 84' lang='lat' dir='ltr'>Circa</span> <span class='ocrx_word' id='word_1_135' title='bbox 623 2649 798 2730; x_wconf 90' lang='lat' dir='ltr'>originem</span> <span class='ocrx_word' id='word_1_136' title='bbox 809 2649 1003 2730; x_wconf 86' lang='lat' dir='ltr'>juridicam</span> <span class='ocrx_word' id='word_1_137' title='bbox 1022 2649 1326 2728; x_wconf 88' lang='lat' dir='ltr'>adsociationum,</span> <span class='ocrx_word' id='word_1_138' title='bbox 1345 2667 1451 2732; x_wconf 86' lang='lat' dir='ltr'>quae</span> 
     </span>
     <span class='ocr_line' id='line_1_23' title="bbox 313 2749 1453 2841; baseline 0.005 -29"><span class='ocrx_word' id='word_1_139' title='bbox 313 2749 482 2832; x_wconf 88' lang='lat' dir='ltr'>collegia,</span> <span class='ocrx_word' id='word_1_140' title='bbox 513 2753 707 2818; x_wconf 86' lang='lat' dir='ltr'>societates</span> <span class='ocrx_word' id='word_1_141' title='bbox 733 2753 973 2834; x_wconf 80' lang='lat' dir='ltr'>imperfectae</span> <span class='ocrx_word' id='word_1_142' title='bbox 991 2763 1054 2820; x_wconf 89' lang='lat' dir='ltr'>aut</span> <span class='ocrx_word' id='word_1_143' title='bbox 1081 2773 1264 2838; x_wconf 87' lang='lat' dir='ltr'>personae</span> <span class='ocrx_word' id='word_1_144' title='bbox 1292 2757 1453 2841; x_wconf 79' lang='lat' dir='ltr'>fictitiae</span> 
     </span>
     <span class='ocr_line' id='line_1_24' title="bbox 313 2861 1453 2944; baseline 0.006 -24"><span class='ocrx_word' id='word_1_145' title='bbox 313 2862 581 2936; x_wconf 84' lang='lat' dir='ltr'>nuncupantur,</span> <span class='ocrx_word' id='word_1_146' title='bbox 599 2875 722 2922; x_wconf 90' lang='lat' dir='ltr'>ornnes</span> <span class='ocrx_word' id='word_1_147' title='bbox 739 2862 917 2924; x_wconf 89' lang='lat' dir='ltr'>communi</span> <span class='ocrx_word' id='word_1_148' title='bbox 934 2861 1076 2926; x_wconf 92' lang='lat' dir='ltr'>calculo</span> <span class='ocrx_word' id='word_1_149' title='bbox 1090 2869 1296 2944; x_wconf 90' lang='lat' dir='ltr'>agnoscunt</span> <span class='ocrx_word' id='word_1_150' title='bbox 1315 2861 1453 2926; x_wconf 85' lang='lat' dir='ltr'>Eccle-</span> 
     </span>
     <span class='ocr_line' id='line_1_25' title="bbox 313 2963 1452 3050; baseline 0.006 -25"><span class='ocrx_word' id='word_1_151' title='bbox 313 2964 403 3027; x_wconf 89' lang='lat' dir='ltr'>siam</span> <span class='ocrx_word' id='word_1_152' title='bbox 418 2963 592 3026; x_wconf 84' lang='lat' dir='ltr'>inordina</span> <span class='ocrx_word' id='word_1_153' title='bbox 610 2966 779 3045; x_wconf 90' lang='lat' dir='ltr'>religioso</span> <span class='ocrx_word' id='word_1_154' title='bbox 805 2975 987 3048; x_wconf 87' lang='lat' dir='ltr'>potestate</span> <span class='ocrx_word' id='word_1_155' title='bbox 1015 2985 1096 3032; x_wconf 89' lang='lat' dir='ltr'>esse</span> <span class='ocrx_word' id='word_1_156' title='bbox 1114 2969 1320 3050; x_wconf 84' lang='lat' dir='ltr'>praeditam</span> <span class='ocrx_word' id='word_1_157' title='bbox 1340 2968 1452 3032; x_wconf 90' lang='lat' dir='ltr'>insti·</span> 
     </span>
     <span class='ocr_line' id='line_1_26' title="bbox 314 3068 1454 3156; baseline 0.005 -24"><span class='ocrx_word' id='word_1_158' title='bbox 314 3068 438 3134; x_wconf 91' lang='lat' dir='ltr'>tuendi</span> <span class='ocrx_word' id='word_1_159' title='bbox 453 3069 698 3149; x_wconf 88' lang='lat' dir='ltr'>hujuscemodi</span> <span class='ocrx_word' id='word_1_160' title='bbox 715 3073 870 3153; x_wconf 85' lang='lat' dir='ltr'>collegia</span> <span class='ocrx_word' id='word_1_161' title='bbox 885 3091 949 3137; x_wconf 85' lang='lat' dir='ltr'>seu</span> <span class='ocrx_word' id='word_1_162' title='bbox 966 3075 1065 3138; x_wconf 91' lang='lat' dir='ltr'>entia</span> <span class='ocrx_word' id='word_1_163' title='bbox 1090 3074 1231 3153; x_wconf 84' lang='lat' dir='ltr'>fictitia,</span> <span class='ocrx_word' id='word_1_164' title='bbox 1258 3081 1335 3137; x_wconf 84' lang='lat' dir='ltr'>turn</span> <span class='ocrx_word' id='word_1_165' title='bbox 1357 3075 1454 3156; x_wconf 87' lang='lat' dir='ltr'>quia</span> 
     </span>
     <span class='ocr_line' id='line_1_27' title="bbox 313 3177 1453 3262; baseline 0.003 -22"><span class='ocrx_word' id='word_1_166' title='bbox 313 3183 398 3240; x_wconf 91' lang='lat' dir='ltr'>sunt</span> <span class='ocrx_word' id='word_1_167' title='bbox 413 3177 609 3256; x_wconf 88' lang='lat' dir='ltr'>organismi</span> <span class='ocrx_word' id='word_1_168' title='bbox 627 3185 662 3240; x_wconf 89' lang='lat' dir='ltr'>et</span> <span class='ocrx_word' id='word_1_169' title='bbox 676 3179 793 3241; x_wconf 89' lang='lat' dir='ltr'>media</span> <span class='ocrx_word' id='word_1_170' title='bbox 811 3179 913 3242; x_wconf 90' lang='lat' dir='ltr'>utilia</span> <span class='ocrx_word' id='word_1_171' title='bbox 930 3197 995 3262; x_wconf 94' lang='lat' dir='ltr'>pro</span> <span class='ocrx_word' id='word_1_172' title='bbox 1024 3181 1258 3246; x_wconf 86' lang='lat' dir='ltr'>assecutione</span> <span class='ocrx_word' id='word_1_173' title='bbox 1275 3179 1362 3244; x_wconf 90' lang='lat' dir='ltr'>flnis</span> <span class='ocrx_word' id='word_1_174' title='bbox 1391 3199 1453 3245; x_wconf 90' lang='lat' dir='ltr'>so-</span> 
     </span>
     <span class='ocr_line' id='line_1_28' title="bbox 314 3281 1453 3369; baseline 0.004 -24"><span class='ocrx_word' id='word_1_175' title='bbox 314 3281 430 3361; x_wconf 90' lang='lat' dir='ltr'>cialis,</span> <span class='ocrx_word' id='word_1_176' title='bbox 446 3289 520 3346; x_wconf 89' lang='lat' dir='ltr'>turn</span> <span class='ocrx_word' id='word_1_177' title='bbox 539 3283 623 3364; x_wconf 89' lang='lat' dir='ltr'>quia</span> <span class='ocrx_word' id='word_1_178' title='bbox 636 3282 672 3346; x_wconf 97' lang='lat' dir='ltr'>in</span> <span class='ocrx_word' id='word_1_179' title='bbox 687 3293 856 3348; x_wconf 91' lang='lat' dir='ltr'>concreto</span> <span class='ocrx_word' id='word_1_180' title='bbox 871 3291 1113 3364; x_wconf 87' lang='lat' dir='ltr'>possuntesse</span> <span class='ocrx_word' id='word_1_181' title='bbox 1131 3293 1272 3350; x_wconf 82' lang='lat' dir='ltr'>vereat</span> <span class='ocrx_word' id='word_1_182' title='bbox 1291 3289 1453 3369; x_wconf 89' lang='lat' dir='ltr'>proprie</span> 
     </span>
     <span class='ocr_line' id='line_1_29' title="bbox 313 3387 1453 3474; baseline 0.007 -25"><span class='ocrx_word' id='word_1_183' title='bbox 313 3387 516 3464; x_wconf 88' lang='lat' dir='ltr'>subjectum</span> <span class='ocrx_word' id='word_1_184' title='bbox 538 3389 643 3468; x_wconf 88' lang='lat' dir='ltr'>juris,</span> <span class='ocrx_word' id='word_1_185' title='bbox 661 3389 952 3472; x_wconf 90' lang='lat' dir='ltr'>quandoquidem</span> <span class='ocrx_word' id='word_1_186' title='bbox 985 3393 1066 3473; x_wconf 87' lang='lat' dir='ltr'>ipsa</span> <span class='ocrx_word' id='word_1_187' title='bbox 1092 3394 1252 3457; x_wconf 86' lang='lat' dir='ltr'>societas</span> <span class='ocrx_word' id='word_1_188' title='bbox 1270 3394 1453 3474; x_wconf 84' lang='lat' dir='ltr'>perfecta</span> 
     </span>
     <span class='ocr_line' id='line_1_30' title="bbox 315 3493 1446 3581; baseline 0.01 -28"><span class='ocrx_word' id='word_1_189' title='bbox 315 3509 381 3554; x_wconf 88' lang='lat' dir='ltr'>sua</span> <span class='ocrx_word' id='word_1_190' title='bbox 397 3493 478 3572; x_wconf 91' lang='lat' dir='ltr'>lege</span> <span class='ocrx_word' id='word_1_191' title='bbox 495 3503 603 3575; x_wconf 89' lang='lat' dir='ltr'>atque</span> <span class='ocrx_word' id='word_1_192' title='bbox 620 3495 794 3576; x_wconf 89' lang='lat' dir='ltr'>explicita</span> <span class='ocrx_word' id='word_1_193' title='bbox 811 3499 1001 3562; x_wconf 91' lang='lat' dir='ltr'>sanctione</span> <span class='ocrx_word' id='word_1_194' title='bbox 1028 3499 1244 3564; x_wconf 89' lang='lat' dir='ltr'>societatem</span> <span class='ocrx_word' id='word_1_195' title='bbox 1262 3500 1446 3581; x_wconf 89' lang='lat' dir='ltr'>imperie-</span> 
     </span>
    </p>
   </div>
   <div class='ocr_carea' id='block_1_3' title="bbox 315 3601 1522 4212">
    <p class='ocr_par' dir='ltr' id='par_1_5' title="bbox 315 3601 1522 4212">
     <span class='ocr_line' id='line_1_31' title="bbox 316 3601 1452 3686; baseline 0.006 -24"><span class='ocrx_word' id='word_1_196' title='bbox 316 3602 414 3662; x_wconf 86' lang='lat' dir='ltr'>ctam</span> <span class='ocrx_word' id='word_1_197' title='bbox 429 3605 468 3660; x_wconf 92' lang='lat' dir='ltr'>ut</span> <span class='ocrx_word' id='word_1_198' title='bbox 480 3601 680 3678; x_wconf 88' lang='lat' dir='ltr'>subjectum</span> <span class='ocrx_word' id='word_1_199' title='bbox 688 3601 780 3679; x_wconf 88' lang='lat' dir='ltr'>juris</span> <span class='ocrx_word' id='word_1_200' title='bbox 796 3605 1109 3686; x_wconf 89' lang='lat' dir='ltr'>constituit,eiqne</span> <span class='ocrx_word' id='word_1_201' title='bbox 1124 3623 1252 3670; x_wconf 90' lang='lat' dir='ltr'>veram</span> <span class='ocrx_word' id='word_1_202' title='bbox 1266 3623 1452 3686; x_wconf 90' lang='lat' dir='ltr'>persona·</span> 
     </span>
     <span class='ocr_line' id='line_1_32' title="bbox 315 3702 1452 3796; baseline 0.011 -32"><span class='ocrx_word' id='word_1_203' title='bbox 315 3702 456 3766; x_wconf 88' lang='lat' dir='ltr'>litatem</span> <span class='ocrx_word' id='word_1_204' title='bbox 472 3706 687 3786; x_wconf 89' lang='lat' dir='ltr'>impartitur,</span> <span class='ocrx_word' id='word_1_205' title='bbox 711 3707 998 3788; x_wconf 88' lang='lat' dir='ltr'>praescindendo</span> <span class='ocrx_word' id='word_1_206' title='bbox 1027 3716 1151 3775; x_wconf 90' lang='lat' dir='ltr'>tamen</span> <span class='ocrx_word' id='word_1_207' title='bbox 1167 3731 1190 3774; x_wconf 92' lang='lat' dir='ltr'>a</span> <span class='ocrx_word' id='word_1_208' title='bbox 1203 3713 1327 3792; x_wconf 87' lang='lat' dir='ltr'>sociis,</span> <span class='ocrx_word' id='word_1_209' title='bbox 1356 3715 1452 3796; x_wconf 87' lang='lat' dir='ltr'>quia</span> 
     </span>
     <span class='ocr_line' id='line_1_33' title="bbox 315 3807 1522 3900; baseline 0.011 -28"><span class='ocrx_word' id='word_1_210' title='bbox 315 3807 504 3872; x_wconf 89' lang='lat' dir='ltr'>individua</span> <span class='ocrx_word' id='word_1_211' title='bbox 520 3827 583 3872; x_wconf 91' lang='lat' dir='ltr'>seu</span> <span class='ocrx_word' id='word_1_212' title='bbox 601 3828 778 3890; x_wconf 90' lang='lat' dir='ltr'>personae</span> <span class='ocrx_word' id='word_1_213' title='bbox 796 3813 969 3893; x_wconf 88' lang='lat' dir='ltr'>physicae</span> <span class='ocrx_word' id='word_1_214' title='bbox 997 3817 1214 3899; x_wconf 87' lang='lat' dir='ltr'>singillatim</span> <span class='ocrx_word' id='word_1_215' title='bbox 1241 3823 1447 3900; x_wconf 85' lang='lat' dir='ltr'>spectatae</span> <span class='ocrx_word' id='word_1_216' title='bbox 1521 3833 1522 3836; x_wconf 74' lang='grc'>’</span> 
     </span>
     <span class='ocr_line' id='line_1_34' title="bbox 315 3914 1451 4008; baseline 0.014 -32"><span class='ocrx_word' id='word_1_217' title='bbox 315 3914 455 3978; x_wconf 88' lang='lat' dir='ltr'>attendi</span> <span class='ocrx_word' id='word_1_218' title='bbox 472 3922 668 3996; x_wconf 90' lang='lat' dir='ltr'>nequeunt,</span> <span class='ocrx_word' id='word_1_219' title='bbox 687 3934 766 3982; x_wconf 89' lang='lat' dir='ltr'>cnm</span> <span class='ocrx_word' id='word_1_220' title='bbox 783 3921 903 4000; x_wconf 89' lang='lat' dir='ltr'>agitur</span> <span class='ocrx_word' id='word_1_221' title='bbox 916 3921 961 3985; x_wconf 89' lang='lat' dir='ltr'>de</span> <span class='ocrx_word' id='word_1_222' title='bbox 973 3929 1107 3987; x_wconf 89' lang='lat' dir='ltr'>natura</span> <span class='ocrx_word' id='word_1_223' title='bbox 1129 3925 1291 4005; x_wconf 90' lang='lat' dir='ltr'>juridica</span> <span class='ocrx_word' id='word_1_224' title='bbox 1309 3933 1348 3989; x_wconf 92' lang='lat' dir='ltr'>et</span> <span class='ocrx_word' id='word_1_225' title='bbox 1363 3945 1451 4008; x_wconf 90' lang='lat' dir='ltr'>per-</span> 
     </span>
     <span class='ocr_line' id='line_1_35' title="bbox 317 4023 1521 4112; baseline 0.017 -32"><span class='ocrx_word' id='word_1_226' title='bbox 317 4025 428 4100; x_wconf 87' lang='lat' dir='ltr'>petua</span> <span class='ocrx_word' id='word_1_227' title='bbox 444 4037 623 4100; x_wconf 88' lang='lat' dir='ltr'>personae</span> <span class='ocrx_word' id='word_1_228' title='bbox 646 4023 793 4087; x_wconf 90' lang='lat' dir='ltr'>moralis</span> <span class='ocrx_word' id='word_1_229' title='bbox 815 4032 883 4088; x_wconf 90' lang='lat' dir='ltr'>aut.</span> <span class='ocrx_word' id='word_1_230' title='bbox 897 4028 1084 4092; x_wconf 90' lang='lat' dir='ltr'>societatis</span> <span class='ocrx_word' id='word_1_231' title='bbox 1113 4031 1361 4112; x_wconf 84' lang='lat' dir='ltr'>imperfectae</span> <span class='ocrx_word' id='word_1_232' title='bbox 1381 4033 1450 4098; x_wconf 91' lang='lat' dir='ltr'>du·</span> <span class='ocrx_word' id='word_1_233' title='bbox 1520 4029 1521 4071; x_wconf 58' lang='lat'>³</span> 
     </span>
     <span class='ocr_line' id='line_1_36' title="bbox 317 4123 1449 4212; baseline 0.018 -27"><span class='ocrx_word' id='word_1_234' title='bbox 317 4124 471 4187; x_wconf 88' lang='lat' dir='ltr'>ratione.</span> <span class='ocrx_word' id='word_1_235' title='bbox 489 4123 653 4189; x_wconf 88' lang='lat' dir='ltr'>Ecclesia</span> <span class='ocrx_word' id='word_1_236' title='bbox 666 4127 775 4207; x_wconf 89' lang='lat' dir='ltr'>igitur</span> <span class='ocrx_word' id='word_1_237' title='bbox 791 4129 917 4193; x_wconf 90' lang='lat' dir='ltr'>eodem</span> <span class='ocrx_word' id='word_1_238' title='bbox 943 4131 1026 4212; x_wconf 87' lang='lat' dir='ltr'>jure</span> <span class='ocrx_word' id='word_1_239' title='bbox 1050 4152 1096 4198; x_wconf 89' lang='lat' dir='ltr'>ac</span> <span class='ocrx_word' id='word_1_240' title='bbox 1112 4136 1272 4202; x_wconf 89' lang='lat' dir='ltr'>instituit</span> <span class='ocrx_word' id='word_1_241' title='bbox 1291 4137 1449 4205; x_wconf 91' lang='lat' dir='ltr'>ordines</span> 
     </span>
    </p>
   </div>
   <div class='ocr_carea' id='block_1_4' title="bbox 317 4229 1520 4328">
    <p class='ocr_par' dir='ltr' id='par_1_6' title="bbox 317 4229 1520 4328">
     <span class='ocr_line' id='line_1_37' title="bbox 317 4229 1520 4328; baseline 0.017 -35"><span class='ocrx_word' id='word_1_242' title='bbox 317 4229 519 4311; x_wconf 82' lang='lat' dir='ltr'>religiosos,</span> <span class='ocrx_word' id='word_1_243' title='bbox 538 4235 812 4312; x_wconf 78' lang='lat' dir='ltr'>potestatalias</span> <span class='ocrx_word' id='word_1_244' title='bbox 828 4239 1024 4304; x_wconf 82' lang='lat' dir='ltr'>societates</span> <span class='ocrx_word' id='word_1_245' title='bbox 1052 4243 1147 4326; x_wconf 89' lang='lat' dir='ltr'>pias,</span> <span class='ocrx_word' id='word_1_246' title='bbox 1178 4253 1270 4328; x_wconf 86' lang='lat' dir='ltr'>puta</span> <span class='ocrx_word' id='word_1_247' title='bbox 1294 4247 1452 4313; x_wconf 80' lang='lat' dir='ltr'>conire·</span> <span class='ocrx_word' id='word_1_248' title='bbox 1519 4253 1520 4301; x_wconf 84' lang='lat' dir='ltr'>l</span> 
     </span>
    </p>
   </div>
   <div class='ocr_carea' id='block_1_5' title="bbox 0 0 1547 4994">
    <p class='ocr_par' dir='ltr' id='par_1_7' title="bbox 0 0 1547 4994">
     <span class='ocr_line' id='line_1_38' title="bbox 0 0 1547 4994; baseline 0 0"><span class='ocrx_word' id='word_1_249' title='bbox 0 0 1547 4994; x_wconf 95' lang='lat' dir='ltr'> </span> 
     </span>
    </p>
   </div>
  </div>
 </body>
</html>
