3062 4994
83 471 232 575 stituant,
251 498 375 558 tamen
391 495 522 574 suapte
534 497 679 573 natura,
698 491 819 570 idest,
835 493 943 574 juxta
957 491 1064 557 linem
1096 508 1196 556 mere

84 601 275 664 naturalem
291 601 353 664 vel
364 599 681 682 supernaturalem
694 617 716 662 a
730 599 984 664 fundatoribus
1002 601 1194 680 intentum,

83 706 304 770 concreditae
321 713 431 789 atque
449 706 658 789 adscriptae
689 711 886 770 censentur
919 705 1088 770 societati
1116 723 1197 787 per·

84 813 200 896 fectae,
219 831 313 896 qnae
341 813 596 892 curatbonum
613 812 823 896 specialiter
852 814 898 876 ab
931 812 1198 876 institutoribus

84 921 309 1002 propositum,
335 919 490 1001 ideoque
508 919 708 1000 Ecclesiae,
727 920 757 982 si
775 919 943 984 fundatio
962 920 1096 984 bouum
1125 920 1198 1000 spi·

84 1026 202 1090 rituale
215 1031 252 1090 et
267 1026 375 1092 finem
391 1027 708 1110 supernaturalem
726 1033 982 1109 persequatur,
1002 1025 1121 1091 Statui
1135 1044 1197 1090 au-

84 1137 158 1214 tem,
176 1134 206 1197 si
219 1134 284 1198 illa
299 1151 372 1198 non
388 1151 538 1216 scopum
556 1133 765 1216 religiosum
782 1134 961 1214 intendat,
982 1133 1046 1198 aed
1064 1135 1198 1198 bonum

85 1255 171 1302 mere
183 1239 384 1320 temporale
401 1239 576 1321 respiciat
593 1243 630 1303 et
646 1239 757 1303 finem
775 1240 981 1304 naturalem
1006 1243 1135 1321 aperte
1152 1239 1199 1302 si-

86 1343 352 1426 bipraestituat.

162 1449 216 1514 62.
264 1449 368 1515 Nunc
394 1467 497 1531 vero,
526 1450 609 1516 heic
636 1451 814 1516 solvenda
850 1449 1000 1514 obvenit
1031 1450 1197 1532 quaestio

87 1557 400 1637 praestantissima;
417 1558 552 1640 inquiri
568 1558 661 1620 solet
678 1575 725 1620 an
743 1556 840 1639 apud
864 1556 1065 1621 catholicos
1095 1556 1196 1620 insti·

88 1661 130 1723 tui
146 1667 181 1725 et
196 1662 273 1726 dari
290 1663 431 1744 possint
447 1679 561 1745 opera
588 1663 649 1746 pia
674 1681 720 1728 ex
736 1664 807 1727 fine
825 1681 925 1728 mere
943 1663 1116 1744 naturali,
1135 1662 1198 1727 vel

89 1772 213 1832 tautum
239 1786 285 1833 ex
302 1769 373 1833 fine
389 1769 673 1851 supernaturali:
700 1773 737 1834 et
768 1769 914 1852 quidem
939 1787 986 1834 ex
1018 1769 1199 1834 solutione

89 1873 184 1966 hujus
199 1877 410 1942 salebrosas
427 1877 651 1958 quaestionis
667 1876 808 1958 patebit
835 1882 911 1940 tum
940 1883 1103 1958 potestas
1132 1877 1199 1940 Ec·

89 1980 209 2046 clasiae
224 1983 470 2064 cognoscendi
497 1989 533 2047 et
560 1981 749 2063 judicandi
782 1982 974 2046 decausis
1007 1983 1089 2064 piis,
1122 1995 1200 2047 tum

89 2095 204 2168 aperta
235 2089 424 2171 usurpatio
457 2089 576 2153 civilis
617 2088 856 2170 auctoritatis,
887 2089 1039 2171 ejusque
1072 2088 1198 2170 iniqua

91 2194 207 2274 agendi
223 2195 318 2258 ratio
335 2193 406 2258 hae
423 2211 533 2277 super
550 2211 602 2258 re.
621 2193 694 2258 Nos
712 2195 837 2276 itaque
869 2212 1127 2260 asseveramus
1157 2212 1203 2258 ac

91 2315 347 2383 propugnamus
360 2302 456 2364 inter
487 2300 706 2365 christianos
735 2301 925 2382 catolicos,
952 2302 1059 2382 juxta
1082 2300 1201 2382 legiti-

93 2413 222 2471 mamet
250 2407 506 2472 rationabilem
531 2407 623 2488 juris
641 2411 727 2488 (non
755 2407 937 2490 loquimur
969 2408 1027 2471 bic
1046 2407 1090 2470 de
1117 2407 1202 2488 J'ure

91 2513 246 2594 positivo)
260 2514 606 2596 praesumptionem,
622 2531 754 2595 operas
768 2515 847 2596 pias
862 2513 1044 2596 putandas
1056 2531 1136 2578 esse
1149 2513 1202 2577 in-

91 2615 202 2682 1111111
214 2636 261 2683 ex
277 2619 350 2684 fine
362 2620 645 2703 supernaturali,
664 2625 775 2703 atque
791 2621 929 2684 idcirco
944 2619 1133 2684 Ecclesiae
1146 2621 1203 2703 ju·

93 2722 291 2803 risdiotioni,
328 2741 451 2808 curae,
472 2726 698 2790 exsecutioni
731 2727 790 2791 vel
821 2727 953 2791 saltem
985 2727 1201 2809 vigilantiae

93 2843 159 2894 csse
170 2832 357 2914 obnoxias,
368 2831 420 2896 uti
433 2841 628 2914 sequentes
640 2833 802 2897 rationes
813 2839 871 2897 sat
883 2833 1020 2916 liquido
1035 2835 1201 2897 innuunt:

97 2935 136 2996 l.⁸
158 2945 255 3002 recte
280 2939 525 3020 praesumitur
549 2940 795 3023 unusquisque
824 2957 938 3021 agere
967 2940 1205 3005 conformiter

94 3043 154 3107 suis
164 3045 366 3128 principiis,
380 3047 537 3110 maxime
554 3062 636 3109 cum
653 3051 774 3110 actum
804 3046 906 3128 ponit
920 3045 993 3110 sibi
1010 3063 1204 3110 onerosum

96 3153 125 3212 et
134 3153 208 3217 aliis
221 3152 359 3234 utilem3
368 3151 659 3217 sedchristiauus
673 3153 735 3235 qui
748 3170 814 3234 pro
824 3153 1052 3217 institutione
1063 3153 1124 3234 pia
1137 3167 1204 3214 sua

98 3251 179 3321 bona
194 3259 416 3342 impertitur,
434 3259 503 3323 soit
515 3259 622 3340 juxta
651 3258 808 3322 catolioa
825 3259 1007 3342 principia
1025 3273 1139 3338 opera
1155 3256 1208 3319 fa-

98 3363 148 3426 cta
163 3381 206 3430 ex
222 3383 335 3447 scopo
354 3365 627 3449 supernaturali
643 3365 712 3430 sibi
740 3381 970 3446 summopere
994 3381 1074 3428 esse
1101 3363 1203 3428 meri·

98 3469 187 3552 toria;
218 3472 330 3554 igitur
348 3471 476 3536 merito
507 3471 813 3554 praesumendum
829 3487 868 3534 es
885 3475 982 3534 teum
1001 3487 1047 3534 ex
1062 3469 1134 3536 fine
1151 3487 1208 3535 su·

98 3579 454 3661 pernaturaliegiss03
472 3576 543 3642 hac
574 3577 619 3642 de
636 3595 749 3643 causa
777 3578 815 3642 in
833 3577 985 3660 antiqua
1018 3577 1208 3657 societate,

98 3694 164 3746 cum
175 3682 355 3766 legislatio
367 3683 497 3766 spiritu
508 3683 706 3749 christiano
719 3684 993 3766 informaretur,
1009 3682 1209 3748 secundum

98 3781 177 3853 hano
205 3791 566 3856 rationabilissimam
595 3789 929 3874 praesumptionem
956 3789 1205 3871 judicabatur:

97 3889 138 3953 2.·
151 3896 275 3980 cuique
287 3897 349 3979 jus
382 3902 439 3962 est
471 3915 538 3962 sua
555 3897 653 3961 bona
680 3895 725 3961 de
743 3901 891 3960 caetero
908 3895 1027 3960 libera
1044 3893 1091 3958 ad
1105 3909 1210 3958 usum

97 3995 272 4068 honestum
302 4003 527 4087 applicandi;
541 4005 617 4086 jam
642 4019 733 4068 vero
761 4019 895 4083 scopus
925 3999 1130 4084 religiosus,
1159 3999 1208 4064 ad

99 4120 190 4185 quem
202 4111 310 4176 etiam
326 4110 521 4176 referenda
537 4114 620 4175 sunt
648 4108 729 4192 ipsa
743 4125 858 4192 opera
876 4105 1067 4172 charitatis
1081 4123 1210 4190 corpo·

100 4211 186 4298 ralis,
204 4217 255 4282 uti
277 4217 446 4302 superius
470 4215 812 4293 animadvertimus,
834 4217 895 4278 est
917 4213 1076 4278 maxime
1101 4211 1212 4278 hone-

1043 4523 1057 4554 Ι
