3096 4986
299 549 465 631 magistri
481 549 695 632 religionem
708 549 871 616 docentis
888 550 924 614 in
941 549 1077 614 sobolis
1097 549 1279 632 primariis
1298 551 1428 633 priva·

300 655 570 736 tistungantur.
1542 647 1543 732 Ϊ

389 761 446 826 Ad
472 761 760 844 designationem
777 760 872 843 quod
889 763 1034 842 spectat
1062 761 1355 843 respondendum
1373 763 1429 828 vi·

300 865 406 932 detur
430 885 502 932 uon
518 868 569 932 ita
587 866 832 932 necessariam
849 883 928 932 esse
947 865 1136 932 Ecclesiae
1153 867 1362 932 missionem
1389 873 1436 934 ut

300 973 410 1037 etiam
428 989 605 1055 personas
630 973 755 1054 eligat;
786 973 919 1038 etenim
948 973 1122 1054 magister
1140 973 1237 1054 patri
1255 974 1431 1040 substitu-
1542 959 1543 1026 l

301 1085 359 1144 tus
376 1081 630 1145 auctoritatem
648 1085 839 1163 paternam
856 1085 1125 1162 repraesentat,
1144 1098 1239 1163 quae
1256 1081 1432 1164 equidem

302 1193 448 1269 epatre
475 1187 647 1270 delegare
665 1187 778 1266 valet3
796 1187 906 1268 igitur
931 1187 1097 1270 magistri
1113 1187 1292 1252 institutio
1322 1193 1432 1252 natu·

302 1309 381 1356 ram
413 1293 546 1358 retinet
573 1292 810 1358 iustitutionis
842 1293 1012 1375 privatae
1044 1299 1080 1357 et
1109 1297 1299 1375 paternae,
1332 1311 1436 1376 quae
1542 1319 1543 1358 4

301 1399 439 1464 nullam
453 1399 683 1464 auctoritatis
697 1399 865 1481 publicae
879 1399 1086 1463 missionem
1101 1399 1287 1482 importat,
1303 1417 1435 1482 quam·

303 1504 360 1570 vie
373 1505 441 1586 ipsi
457 1505 694 1570 subordinate
706 1506 765 1569 sit.

392 1609 496 1691 Quod
519 1618 641 1678 autem
658 1611 705 1676 ad
721 1611 1025 1694 approbationem
1038 1611 1200 1694 respicit,
1216 1613 1254 1676 in
1279 1611 1436 1678 dubium
1542 1601 1543 1626 ¹

303 1718 474 1782 revocari
507 1718 646 1799 nequit,
676 1717 762 1800 quin
788 1716 954 1780 absolute
982 1722 1018 1781 et
1046 1719 1217 1798 generice
1245 1717 1437 1800 loquendo

304 1821 472 1888 Ecclesia
488 1825 636 1906 exigere
655 1823 770 1906 possit
792 1823 887 1887 banc
911 1823 1106 1905 positivam
1124 1824 1437 1906 approbationem

303 1946 408 1995 suurn
425 1947 640 1996 consensum
658 1928 867 1995 catechistis
885 1929 1084 2012 designatis
1103 1931 1327 2012 praebendo,
1342 1949 1437 2014 quo·
1542 1937 1543 2010 j

302 2037 372 2102 ties
389 2035 453 2100 illa
480 2037 668 2100 moraliter
684 2037 894 2100 necessaria
910 2041 1122 2100 censeretur
1150 2053 1216 2117 pro
1248 2044 1326 2099 tuta
1342 2035 1438 2100 iide-

305 2143 392 2208 lium
406 2142 644 2222 institutione,
659 2141 774 2206 veluti
787 2141 818 2206 si
835 2141 1035 2223 periculum
1048 2143 1296 2222 perversionis
1314 2143 1435 2206 immi·
1542 2161 1543 2198 r

304 2256 420 2330 neret,
450 2249 536 2332 quia
568 2249 691 2330 plures
723 2247 888 2328 magistri
916 2246 1137 2312 haberentur
1170 2249 1263 2312 male
1291 2249 1329 2312 iu
1359 2249 1438 2314 ilde

304 2355 515 2436 sentientes;
530 2354 590 2436 jus
620 2355 716 2418 enim
733 2361 769 2416 et
787 2353 944 2417 officium
973 2351 1160 2418 Ecclesiae
1188 2354 1437 2436 proculdubio

303 2479 449 2543 semper
465 2479 673 2543 supremum
689 2467 799 2542 atque
815 2459 961 2541 plenum
978 2461 1152 2541 persistit,
1170 2477 1250 2524 curn
1276 2459 1320 2524 de
1337 2461 1435 2526 inte·
1542 2519 1543 2538 ,

305 2568 440 2650 gritate
464 2567 653 2633 doctrinae
671 2567 732 2632 vel
761 2566 898 2630 ordinis
923 2567 1070 2630 moralis
1099 2567 1287 2649 principiis
1306 2569 1437 2649 agitur

305 2673 366 2757 (1):
384 2679 557 2751 attamen,
576 2674 606 2738 si
624 2690 683 2738 res
711 2678 897 2754 spectetur
910 2673 1018 2753 juxta
1034 2674 1272 2737 communiter
1288 2675 1437 2740 contin·

305 2779 442 2861 gentia,
457 2780 587 2844 iterum
616 2779 810 2844 asserimus
840 2797 911 2844 uon
929 2796 1009 2843 esse
1037 2779 1236 2860 putandam
1261 2797 1436 2845 necessa·

305 2886 398 2949 riam
415 2885 604 2950 Ecclesiae
631 2886 932 2968 approbationem
951 2903 1016 2968 pro
1034 2887 1211 2967 ejusmodi
1230 2887 1436 2970 magistris,
1542 2881 1543 2956 j

306 2993 441 3076 quippe
458 2993 494 3058 hi
511 2993 765 3056 auctoritatem
796 3001 988 3074 paternam
1016 2992 1212 3058 ostendunt
1229 2998 1265 3056 et
1281 3011 1438 3074 reprae-
1542 3025 1543 3080 r

305 3109 467 3194 sentent,
484 3119 578 3185 quae
592 3103 675 3183 Jure
693 3102 851 3165 naturali
869 3101 1116 3184 hypothetico,
1135 3101 1205 3164 hoc
1222 3107 1288 3180 est,
1309 3101 1441 3181 posita
1542 3083 1543 3178 ,

305 3209 343 3273 in
371 3208 696 3292 patribusfamilias
714 3208 890 3290 qualitate
908 3208 1197 3289 christianitatis,
1217 3209 1370 3289 propria
1394 3215 1440 3272 et
1542 3227 1543 3230 ¹

306 3315 521 3398 delegabilis
554 3323 621 3398 est,
641 3315 728 3379 licet
756 3314 802 3378 ab
831 3313 997 3379 Ecclesia
1026 3315 1199 3396 negative
1216 3325 1253 3378 et
1270 3314 1439 3396 positive

307 3421 529 3504 dependens.

395 3527 451 3591 47.
500 3527 536 3592 Si
548 3544 638 3592 vero
655 3543 773 3590 sermo
790 3525 837 3590 sit
862 3526 906 3589 de
923 3524 1057 3589 scholis
1067 3525 1301 3610 popularibus
1312 3525 1438 3607 publi-

307 3633 367 3714 cis,
385 3633 430 3698 de
446 3634 489 3708 lis
503 3651 645 3716 nempe,
662 3649 759 3715 xquae
777 3633 823 3696 ab
849 3633 1068 3696 auctoritate
1083 3633 1268 3696 societatis
1293 3631 1436 3714 civilia,

306 3741 388 3804 sive
403 3741 659 3823 gubernativa,
679 3740 758 3804 sive
781 3739 1012 3822 provinciali,
1031 3739 1111 3802 sive
1129 3737 1341 3819 municipali
1363 3757 1439 3821 pro

305 3888 467 3900 ———=

379 4017 416 4080 (12¹
455 4013 527 4066 Hele
539 4013 661 4077 allegare
674 4011 755 4064 decet
776 4015 943 4078 sequentem
957 4011 1176 4064 declarationem
1192 4011 1219 4064 S.
1232 4009 1441 4078 Congregatio·

307 4085 355 4138 nis
375 4085 493 4137 Concilii
506 4085 582 4136 diet
604 4083 670 4135 Dec.
693 4097 737 4134 an.
756 4083 822 4134 titt
847 4083 961 4135 editam:
980 4083 1167 4150 :Episcopum
1181 4095 1266 4149 posse
1279 4083 1443 4148 prohibere

308 4155 515 4222 ludimagistris
528 4155 695 4208 exercitium
717 4153 839 4220 scholae,
852 4157 982 4219 quamvis
1004 4153 1144 4207 nominati
1157 4153 1266 4206 inerint
1277 4169 1295 4204 a
1307 4169 1441 4210 commu·
1542 4197 1543 4222 ,

307 4227 448 4279 nitatibus
473 4227 617 4291 laicorum,
639 4227 730 4290 iisque
744 4229 886 4290 competat
898 4241 994 4276 eorum
1009 4226 1118 4290 electio,
1133 4223 1328 4294 bonorumque
1343 4227 1441 4281 admi·

307 4298 441 4352 nistratio
452 4297 687 4364 independenter,
699 4293 753 4346 nisi
760 4294 842 4360 prius
849 4293 962 4362 suerint
974 4293 1008 4346 ob
1021 4293 1156 4363 Episcopo
1168 4293 1340 4362 approbati».
