3096 4986
336 495 471 562 mattae
488 495 690 576 Ecclesiae;
709 495 855 576 etenim,
874 495 906 559 si
934 493 1027 560 haec
1044 493 1199 560 babetur
1215 495 1330 562 veluti
1347 497 1467 560 socie-

335 609 391 668 tas
416 601 703 684 independensa
731 602 843 682 civili,
863 619 1006 684 unaque
1035 602 1245 684 agnoscitur
1269 609 1460 685 tamquam
1536 639 1537 654 κ

337 709 536 775 adsociatio
580 708 728 774 divinae
756 708 906 790 originis
938 707 1041 772 Statu
1071 708 1250 774 indirecte
1280 710 1466 792 superior,

337 835 488 900 pronum
510 819 564 880 est
582 815 718 880 inferre
742 815 856 898 ipsius
873 814 1069 894 ministros,
1087 813 1170 879 loca
1195 833 1239 879 ac
1267 833 1326 879 res
1343 817 1406 880 vel
1424 818 1463 880 in
1536 817 1537 888 l

336 923 502 988 omnibus
519 923 580 988 vel
598 923 636 986 in
653 921 819 1004 pluribus
837 937 944 1004 posse
961 925 1025 986 aut
1041 920 1272 1018 debere'esse
1284 923 1467 988 immunes

337 1029 472 1094 cclviii
489 1028 722 1093 auctoritate.
1536 1017 1537 1096 l

426 1133 470 1198 Et
498 1151 641 1216 sane,a
669 1133 714 1198 D.
741 1133 854 1198 Paulo
882 1133 919 1198 in
947 1133 1209 1216 EpistolaIad
1235 1134 1464 1200 Timotheum

337 1259 450 1324 usque
475 1241 521 1305 ad
539 1240 638 1305 Pium
665 1239 802 1323 Papam
832 1240 884 1305 IX
900 1241 937 1304 in
964 1239 1112 1322 Syllaba
1137 1241 1268 1306 millies
1297 1242 1463 1324 laudato,
1536 1239 1537 1304 l

336 1347 502 1430 Apostoli
515 1353 553 1412 et
570 1347 753 1428 Episcopi,
769 1345 896 1410 Patres
911 1355 947 1410 et
965 1345 1140 1428 Concilio,
1156 1345 1404 1428 Imperatores
1419 1367 1466 1413 ac

335 1453 464 1536 Reges,
485 1453 601 1536 Leges
620 1459 729 1535 atque
749 1451 913 1532 Codices,
933 1453 1077 1518 Fideles
1094 1459 1131 1517 et
1146 1453 1287 1536 Populi,
1306 1454 1465 1520 Barbari

335 1563 517 1644 etiamque
535 1561 604 1643 ipsi
638 1559 794 1641 Etbnici,
815 1561 1011 1644 privilegia
1038 1561 1267 1642 clericorum,
1286 1579 1466 1628 sacrasve
1536 1569 1537 1650 l

336 1669 582 1732 immunitates
615 1667 737 1750 palam
771 1667 961 1730 coluerunt
993 1671 1030 1730 et
1062 1667 1273 1732 solemniter
1304 1669 1464 1750 promul·
1536 1667 1537 1756 l

336 1778 482 1856 garant.

427 1879 645 1944 Praesertim
662 1897 750 1944 vero
768 1881 953 1962 postrema
970 1878 1252 1945 Ecclesiasticae
1275 1881 1466 1947 Historiae

338 1987 500 2070 periodo,
521 2005 602 2051 cum
621 1987 687 2052 Jua
704 1987 938 2052 Nouissimam
963 2003 1029 2067 pro
1053 1987 1300 2068 peculiaribus
1325 1993 1465 2072 tempo·

336 2109 415 2156 rum
434 2111 476 2156 ac
494 2111 615 2156 rerum
634 2091 815 2172 adjunctis
843 2098 940 2155 esset
957 2091 1202 2173 statuendum,
1221 2100 1463 2161 sacrosancto

336 2200 549 2266 Tridentina
574 2199 740 2282 Synodus
769 2199 1032 2264 immunitatem
1061 2200 1290 2282 personalem
1308 2201 1464 2267 clerieo·

338 2325 415 2372 uum
432 2309 661 2390 Principibus
675 2307 883 2372 christianis
896 2320 1071 2388 expresse
1083 2307 1364 2390 commendavit,
1376 2326 1463 2374 con·

336 2413 452 2478 fidens
479 2433 541 2478 eos
571 2432 643 2479 non
671 2414 787 2478 solum
815 2413 1017 2478 Ecclesiam
1044 2413 1270 2496 defensuros,
1289 2414 1353 2478 sed
1372 2415 1466 2480 “nec
1536 2425 1537 2506 l

336 2523 589 2602 permissuros,
616 2525 655 2586 ut
684 2519 873 2597 officiales,
899 2523 963 2582 aut
990 2519 1182 2584 interiores
1209 2520 1462 2603 Magistratus,
1536 2507 1537 2602 l

337 2625 537 2708 Ecclesiae,
557 2633 594 2691 et
622 2645 859 2710 personarum
889 2625 1230 2690 Ecclesiasticarum
1254 2629 1461 2692 immunita·

337 2741 422 2814 tem,
453 2733 522 2798 Dei
549 2736 779 2814 ordinatione,
803 2741 834 2798 et
861 2730 1044 2800 Ouaonicia
1069 2735 1306 2800 sanctionibus
1335 2738 1463 2800 coacti·
1536 2735 1537 2750 ¹

337 2847 456 2920 tutata,
487 2841 609 2924 aliquo
638 2841 847 2922 cupiditatis
875 2837 1008 2920 studio,
1038 2857 1103 2904 seu
1128 2840 1465 2906 inconsideratione

336 2947 461 3028 aliqua
479 2948 639 3030 violent,
660 2949 720 3026 (ll:
736 2945 868 3010 deinde
886 2963 1024 3028 poenas
1041 2951 1170 3011 contra
1185 2947 1386 3012 violatores
1399 2950 1463 3013 im·

336 3053 522 3116 munitatis
543 3053 620 3134 jam
644 3053 730 3116 olim
754 3051 850 3114 latas
873 3051 1040 3130 innovat,
1059 3051 1301 3134 admonetque
1322 3051 1462 3135 “impe
1536 3053 1537 3092 l

336 3165 509 3240 retorem,
540 3159 670 3241 Reges,
697 3157 948 3240 Respublicas,
973 3157 1174 3241 Principes,
1200 3165 1238 3223 et
1266 3177 1406 3240 omnes,
1426 3165 1463 3224 et

335 3267 511 3348 singulos,
531 3267 789 3348 quuscumque
806 3269 935 3344 status,
965 3271 1002 3328 et
1024 3265 1212 3348 dignitatis
1239 3266 1461 3346 exstiterint;

336 3377 387 3452 ut,
411 3393 481 3454 quo
510 3373 648 3454 largius
663 3373 766 3436 bonis
783 3371 1057 3452 temporalibus,
1075 3377 1185 3454 atque
1201 3373 1238 3436 in
1253 3373 1345 3436 alios
1361 3379 1462 3455 pote-

336 3485 431 3544 state
458 3490 542 3544 sunt
559 3483 691 3562 ornati,
710 3499 754 3545 eo
777 3479 952 3552 sanctius,
972 3496 1065 3561 quae
1094 3477 1345 3542 Ecclesiastici
1365 3479 1462 3560 juris
1536 3475 1537 3556 i

335 3599 431 3652 sunt.
452 3598 636 3670 tamquam
656 3587 723 3652 Dei
741 3587 954 3670 praecipua,
968 3587 1120 3669 eJusque
1136 3585 1342 3669 patrocinio
1361 3591 1463 3650 tecta
1536 3595 1537 3666 i

336 3704 579 3761 venerentur.
595 3693 654 3772 ,aa
1536 3667 1537 3730 3

426 3801 596 3865 Attamen
610 3801 806 3866 recentiori
818 3819 912 3866 aero
925 3803 1090 3884 potestas
1101 3797 1314 3878 saecularis,
1327 3797 1461 3862 adver·

335 3925 548 3974 sussensum
561 3909 671 3974 totius
685 3909 913 3992 antiquitatis
929 3925 1056 3991 agens,
1065 3907 1160 3988 juris
1170 3905 1462 3988 naturalisprae·

407 4167 445 4220 sl·
482 4162 741 4231 ScsaXXl'm-ap
754 4160 930 4232 XXdeb‘qf.

407 4237 446 4292 ii*
484 4233 606 4288 imarii.
