3096 4986
560 379 718 437 -89-

94 519 218 603 aliquid
233 519 397 602 primitus
414 538 437 584 a
460 521 608 603 publica
625 521 845 587 auctoritate
863 539 944 604 esse
962 523 1202 588 constitutum

95 627 146 691 vel
160 633 283 710 postea
300 629 379 709 eJ'us
395 629 586 692 sanctione
600 629 840 711 recognitum.

170 733 260 799 Hine
291 734 441 800 scholae
457 735 682 800 assimilatae
712 735 841 800 iisdem
859 735 1127 800 conditionibus
1145 754 1201 801 co·

94 855 162 902 ram
178 840 351 905 societate
368 841 470 906 civili
486 845 522 906 et
538 842 791 907 ecclesiastica
819 842 1037 906 satisfacere
1055 842 1201 923 debent,

94 944 210 1026 quibus
222 946 390 1027 publicae
407 952 491 1012 suut
507 947 717 1028 obstrictae,
736 954 773 1012 et
787 951 1055 1029 consequenter
1068 965 1135 1029 pro
1147 965 1201 1011 re·

94 1049 211 1131 ligiosa
227 1053 451 1118 institutione
464 1053 645 1135 positivae
658 1053 847 1118 Ecclesiae
860 1053 1063 1134 directioni,
1078 1053 1203 1117 visita·

95 1153 173 1218 tioni
196 1165 231 1220 et
247 1157 462 1238 vigilantiae
478 1158 731 1239 subjiciuntur3
750 1165 915 1222 attamen
932 1159 1113 1223 communi
1130 1177 1202 1223 om·

95 1259 181 1325 nium
194 1279 370 1328 consensu
382 1264 603 1330 interventio
615 1264 802 1329 Ecclesiae
815 1265 933 1329 relate
947 1265 993 1328 ad
1008 1267 1203 1346 magistros

96 1366 314 1436 christianam
331 1373 534 1438 doctrinam
561 1373 755 1438 edocturos
780 1373 1039 1454 restringenda
1058 1373 1203 1437 videtur

97 1474 136 1538 ad
147 1479 442 1559 approbationem
459 1481 704 1562 catechistae,
733 1481 820 1564 quia
845 1481 984 1563 privati
1018 1483 1049 1546 si
1081 1479 1204 1544 idonei

98 1581 254 1667 existant,
269 1587 352 1668 jure
367 1588 608 1652 concurrendi
625 1588 795 1671 publicae
813 1588 963 1652 utilitati
982 1587 1156 1669 gaudent.

174 1691 226 1759 49.
271 1693 543 1760 Praetermissis
574 1695 708 1760 scholis
737 1695 1066 1780 professioaalibas,
1089 1711 1201 1776 quae,

99 1793 139 1857 ad
152 1802 261 1862 artem
284 1801 445 1882 aliquam
475 1801 664 1865 liberalem
683 1801 743 1866 vel
761 1801 990 1866 mecanicam
1014 1799 1204 1863 addiscen-

100 1899 171 1965 dam
186 1911 340 1988 creataa,
358 1907 478 1988 potius
491 1906 682 1970 habendae
700 1911 784 1971 sunt
799 1906 850 1970 uti
867 1906 1036 1970 officinae
1053 1905 1205 1986 amplia·

100 2010 151 2070 tae
175 2026 278 2090 quam
307 2019 436 2076 centra
461 2012 719 2078 intellectualis
749 2013 928 2092 culturae,
943 2011 1110 2075 instituta
1138 2027 1204 2091 pro

101 2116 257 2194 augendis
288 2119 556 2200 cognitionibus
587 2119 777 2184 litterariis
809 2126 846 2182 et
882 2117 1091 2183 scientificis
1122 2134 1205 2180 cum

101 2227 356 2301 quaestionibus
374 2227 554 2310 religiosis
570 2227 652 2310 plus
668 2227 835 2291 minusve
853 2226 980 2290 intime
1014 2223 1203 2303 consortia,

101 2342 154 2392 eas
167 2332 385 2397 solummodo
402 2334 659 2414 spectabimus,
692 2350 787 2415 quae
808 2333 946 2413 passim
977 2329 1205 2394 denominari

102 2432 201 2500 solent
216 2439 454 2506 instructionis
470 2441 698 2506 secundariae
715 2439 774 2522 (de
789 2438 839 2504 2?
855 2439 1090 2516 euseflanza),
1116 2441 1206 2517 puta

102 2535 251 2609 Instituta
264 2551 302 2608 at
318 2547 466 2628 publica
479 2545 643 2629 Collegia
658 2546 837 2610 Institutis
855 2547 1104 2625 incorporata;
1125 2563 1204 2608 cor-

102 2649 192 2714 malsa
204 2652 248 2715 ad
262 2653 423 2718 validum
436 2654 637 2734 magisterii
651 2653 878 2730 exercitium3
891 2656 1001 2732 atque
1009 2667 1205 2734 praepara·

104 2757 206 2839 toriae,
225 2759 327 2825 velut
343 2759 513 2842 privatae
530 2759 742 2824 academiae
759 2759 819 2823 vel
839 2758 1009 2839 publicae
1033 2757 1150 2836 aulae,
1168 2755 1207 2818 in

103 2875 179 2939 quas
195 2873 410 2947 cooptantur
433 2868 589 2948 juvenes
606 2866 651 2930 ad
669 2865 848 2947 speciales
866 2865 1113 2946 professiones
1131 2879 1206 2926 am-

104 2965 296 3044 plectendas
312 2979 377 3038 aut
393 2973 584 3055 superiora
596 2972 716 3036 studia
729 2963 945 3036 excolenda.

177 3075 215 3142 In
244 3079 310 3143 has
332 3096 456 3155 omnes
486 3079 632 3143 scholas
663 3077 829 3142 Ecclesia
860 3081 1044 3160 potestate
1072 3073 1208 3156 gaudet

104 3183 234 3248 curandi
252 3191 290 3248 ut
306 3183 599 3249 adolescentibus
617 3183 783 3247 tradatur
808 3182 1000 3246 instructio
1030 3179 1207 3260 religiosa

104 3290 248 3365 superior
264 3293 365 3356 etita
387 3291 618 3372 obligatoria,
638 3291 730 3354 utin
754 3291 1028 3370 programmate
1045 3284 1204 3366 discipli-

106 3405 214 3460 narum
229 3396 436 3461 includatur
445 3402 629 3480 tamquam
643 3413 728 3478 pars
742 3393 948 3460 essentialis
963 3393 1207 3456 scholasticae

106 3497 344 3584 instructionis,
361 3509 400 3568 at
416 3502 560 3586 quidam
574 3521 640 3586 pro
658 3500 836 3584 ejusmodi
869 3500 1045 3564 facultate
1078 3498 1204 3562 Eccle-

105 3603 168 3670 siae
180 3609 368 3674 tribuenda
381 3610 559 3691 plurimae
573 3610 734 3674 rationes
747 3609 918 3672 militant:
935 3605 988 3672 l.⁰
1001 3613 1155 3671 naturae
1168 3612 1205 3668 et

105 3720 189 3779 recto
207 3715 323 3782 ordini
340 3733 538 3781 consonum
563 3715 753 3796 establis,
773 3715 834 3797 qui
848 3713 1048 3796 specialem
1066 3719 1103 3776 et
1131 3729 1206 3774 am·

105 3819 237 3900 pliorem
254 3823 529 3888 instructionem
547 3823 764 3887 litterariam
782 3829 818 3884 et
837 3819 1077 3884 scientificam
1094 3817 1207 3881 susci-

106 3927 202 4014 piunt,
231 3933 373 4016 exquiri
401 3932 581 3997 culturam
611 3931 821 4013 religiosam
855 3928 1125 4011 diligentiorem
1156 3923 1208 3988 la·

106 4035 300 4122 tioremqua,
330 4039 427 4105 sicut
449 4039 488 4104 in
519 4039 645 4104 ordina
677 4037 807 4102 morali
836 4043 873 4100 et
901 4035 1003 4100 civili
1031 4032 1208 4113 majorem

105 4146 442 4225 responsabilitatem
475 4145 623 4224 habent,
642 4148 678 4208 et
709 4143 826 4208 minus
856 4140 1066 4222 ignorantia
1099 4155 1207 4202 excu·

105 4258 224 4338 sentur,
241 4273 349 4338 quam
366 4253 470 4336 pueri
482 4253 547 4332 illi,
567 4251 628 4334 qui
644 4251 771 4332 primis
788 4253 928 4314 tantum
957 4247 1090 4311 litteris
1119 4263 1209 4327 ope·
