3028 4992
801 355 980 415 .304..v
1503 375 1504 436 ,

331 501 514 568 evincitur
533 498 667 566 christi
683 499 862 580 Vicarios,
881 517 962 564 cum
975 517 1073 564 nova
1089 499 1287 564 infidelium
1309 499 1454 564 territo·
1503 489 1504 564 l

331 609 387 672 ria
405 607 633 691 populosque
650 606 842 688 indigenas
858 607 1132 689 exploratorum
1160 605 1339 670 industria
1355 605 1455 670 dete·
1503 569 1504 662 l

332 725 412 780 ctos
429 715 491 780 uui
508 714 629 796 potius
648 731 755 797 quam
781 713 831 776 ali
858 714 998 778 nationi
1015 718 1078 778 aut
1094 711 1252 795 principi
1268 711 1455 793 adJudica·

331 827 428 902 runt,
462 819 640 902 ejusmodi
671 820 926 886 concessiones
943 825 1044 884 recte
1061 836 1106 884 ac
1122 819 1285 902 legitime
1308 819 1453 899 fecisse,

332 926 467 1008 quippe
485 926 622 1008 duplici
638 931 833 1008 potestate,
849 925 1079 991 declarativa
1091 941 1221 1008 nempe
1253 929 1364 1007 atque
1392 943 1454 1006 gu·
1503 909 1504 994 ἶ

331 1033 528 1098 bernativa
545 1033 663 1098 fulciti
679 1050 782 1098 suam
800 1031 933 1115 agendi
949 1033 1128 1097 rationem
1144 1031 1365 1096 munierunt.
1503 1023 1504 1112 j

422 1137 451 1218 ⁸)
470 1138 524 1203 Ao
542 1138 657 1221 primo
676 1139 834 1220 quidem,
852 1139 1045 1221 praefatae
1071 1138 1324 1202 concessiones
1355 1145 1455 1202 recte
1503 1149 1504 1198 i

333 1245 513 1328 explicari
529 1252 666 1328 queunt
698 1263 744 1310 ex
771 1251 954 1328 potestate
971 1245 1200 1311 declarativa
1228 1245 1334 1326 juris,
1362 1261 1455 1326 quae
1503 1229 1504 1322 l

333 1351 517 1434 spirituali
533 1353 780 1434 suprematiae
807 1357 844 1416 et
875 1351 1060 1434 pontificio
1091 1351 1263 1434 primatui
1279 1350 1456 1415 divinitus
1503 1361 1504 1438 i

333 1456 513 1537 inhaeret;
529 1457 661 1522 etenim
680 1475 786 1522 nemo
803 1459 943 1522 inficias
959 1459 1026 1522 ibit
1045 1459 1129 1540 jure
1145 1463 1300 1522 naturae
1317 1461 1356 1522 ct
1372 1475 1454 1540 gen·

335 1565 424 1629 tium
441 1581 522 1629 esse
539 1564 721 1646 legitimos
739 1565 863 1630 modos
881 1583 954 1630 non
971 1565 1087 1628 solum
1116 1565 1163 1628 ad
1178 1565 1312 1629 bellum
1329 1581 1456 1646 geren·
1503 1547 1504 1578 ³

335 1670 432 1748 dum,
450 1671 701 1735 verumetiam
719 1671 767 1736 ad
792 1689 908 1735 novos
937 1671 1091 1754 populos
1109 1670 1345 1753 detegendos,
1364 1689 1455 1736 com·
1503 1675 1504 1748 l

335 1777 508 1840 mercium
522 1775 620 1858 apud
632 1793 694 1840 eos
708 1776 902 1859 agendum,
918 1776 1070 1842 foedera
1083 1776 1253 1859 ineunda,
1269 1782 1456 1859 terrasque

337 1883 583 1964 occupandas,
606 1900 699 1965 quae
715 1883 810 1947 forte
826 1883 1024 1948 derelictae
1041 1883 1246 1948 habeantur
1258 1884 1319 1947 vel
1335 1901 1359 1946 a
1372 1883 1455 1965 legi·
1503 1871 1504 1938 i

337 1989 433 2052 timis
453 1988 606 2053 dominia
636 1995 767 2072 sponte
799 1989 1014 2054 offerantur.
1033 1989 1089 2055 Ex
1105 2007 1175 2072 quo
1208 1989 1319 2072 igitur
1336 1990 1456 2071 aliqua

336 2095 436 2160 natio
472 2095 651 2177 ejusmodi
687 2098 855 2178 regiones
888 2096 1064 2178 desertas,
1106 2113 1241 2178 cessas,
1276 2097 1455 2178 etiamque

336 2201 535 2286 acquisitas
569 2219 614 2266 ex
632 2202 728 2266 bello
761 2203 857 2284 quod
888 2203 1042 2266 forsitan
1073 2203 1226 2286 perfidia
1256 2202 1456 2266 incolarum

336 2314 503 2374 exortum
520 2309 578 2388 sit,
594 2308 692 2388 juste
710 2309 960 2390 occupaverit,
986 2309 1023 2372 in
1041 2308 1188 2372 dubium
1205 2309 1374 2373 revocari
1399 2327 1455 2372 ne-

338 2415 429 2496 quit,
449 2415 535 2496 quin
561 2413 736 2497 Supremo
772 2421 995 2478 memoratae
1023 2415 1142 2496 gentis
1161 2413 1382 2479 Moderatori
1399 2415 1456 2478 ad-

336 2520 533 2588 scribenda
549 2522 596 2584 sit
615 2521 770 2603 politica
801 2521 999 2586 auctoritas
1027 2522 1065 2584 in
1091 2521 1296 2603 hujusmodi
1327 2527 1453 2601 terras,

336 2627 515 2710 simulque
533 2628 705 2692 Romania
723 2628 968 2712 Pontificibus,
988 2633 1113 2710 utpote
1126 2629 1221 2692 natis
1234 2629 1458 2710 justitiaene

337 2735 555 2798 moralitatis
571 2735 753 2816 judicibus
781 2735 1017 2800 deferendum
1041 2737 1102 2817 jus
1126 2735 1313 2819 proprium
1329 2741 1364 2800 et
1379 2753 1455 2818 per·

337 2840 436 2904 fecta
453 2839 610 2904 facultas
629 2839 840 2905 declarandi
857 2841 996 2905 nationi
1021 2842 1270 2924 exploratricl,
1291 2842 1454 2924 principi·

337 2947 403 3010 bus
419 2945 613 3028 privilegio
641 2947 890 3028 occupationis
907 2948 954 3012 ab
970 2947 1060 3030 ipsis
1082 2947 1262 3030 indigenis
1279 2948 1454 3030 insignitis

337 3051 399 3118 vel
424 3051 575 3116 ducibus
589 3053 687 3134 juste
703 3053 1003 3135 belligerantibus
1034 3053 1234 3136 legitimum
1265 3054 1454 3119 dominium
1503 3047 1504 3124 l

337 3159 376 3224 iu
392 3175 492 3223 nova
509 3159 697 3222 territoria
714 3164 935 3241 compatere.

426 3263 506 3328 Hac
524 3263 754 3330 declarativa
770 3267 954 3347 potestate
978 3267 1113 3349 optime
1129 3266 1361 3348 explicantur
1376 3282 1452 3329 con·
1503 3275 1504 3324 l

338 3370 524 3436 cessiones
543 3371 665 3436 factae
682 3390 704 3436 a
721 3369 908 3437 Clemente
924 3371 973 3438 VI
990 3371 1175 3438 Ludovico
1204 3373 1327 3438 comiti
1344 3372 1454 3436 clara·

338 3482 510 3544 montano
541 3483 579 3542 et
604 3477 781 3560 Alpheusi
798 3479 831 3544 X
848 3479 972 3562 nepoti
988 3479 1035 3543 ad
1051 3479 1189 3543 insulas
1207 3477 1383 3544 Canariae
1402 3494 1453 3542 oo·

339 3584 539 3665 cupandas;
558 3600 623 3666 per
639 3583 830 3648 Nicolaum
847 3584 878 3648 V
901 3583 1084 3648 Lusitanis
1113 3584 1160 3649 ad
1189 3602 1315 3650 omnes
1343 3591 1458 3650 terras

339 3707 429 3771 quas
448 3690 484 3754 in
502 3689 629 3754 Africa
646 3690 871 3772 detegerent,
890 3690 1113 3773 retinendas;
1129 3691 1176 3756 ab
1188 3691 1396 3756 Alexandro
1411 3687 1454 3752 VI
1503 3685 1504 3698 ¹

338 3795 498 3878 Regibus
518 3793 716 3861 Catholicis
733 3797 1003 3880 Hispaniarum,
1031 3797 1265 3862 Fordinaudo
1285 3803 1321 3863 et
1347 3796 1453 3862 Elisa·

338 3902 437 3984 beth,
460 3909 500 3968 ut
518 3920 642 3968 omnes
659 3904 798 3968 insulas
813 3910 850 3968 et
863 3909 981 3968 terras
992 3903 1116 3970 firmas
1129 3911 1297 3986 repertas
1310 3909 1346 3969 et
1359 3919 1456 3984 repe-

337 4008 485 4073 riendae
501 4009 609 4092 pleno
626 4009 783 4076 dominio
800 4010 1030 4094 possiderent
1061 4028 1144 4080 cum
1170 4011 1384 4076 limitatione
1407 4013 1454 4071 ta·

338 4131 422 4180 men
434 4115 483 4179 ab
498 4115 773 4200 ipsoapposita.

342 4282 347 4294 .
428 4221 461 4299 b)
509 4219 674 4308 Insuper,
693 4223 796 4306 ipsae
813 4223 1027 4306 largitiones
1051 4227 1161 4306 atque
1174 4167 1451 4308 praerogativae
