3062 4994
557 366 737 426 ‚153-

21 565 22 568 ,
105 511 248 591 potestus
265 509 493 592 penesolum
516 509 718 576 Romanum
750 509 963 576 Pontificem
994 513 1110 594 esset,
1144 508 1207 594 (1).

181 614 277 696 Quod
290 620 412 682 eutem
429 616 476 681 ed
490 619 555 704 jur
578 620 734 700 spectat,
754 616 881 698 quaeri
894 619 1016 698 potest
1033 633 1103 699 quo
1124 616 1209 697 jure

103 721 237 786 Romani
247 721 454 804 Pontifices,
472 721 713 804 Metropolitis
731 719 976 804 Consiliisque
1000 723 1208 804 provincia-

21 809 22 818 *
100 828 183 894 libus
197 831 338 912 emotis,
356 830 572 912 erectiones,
591 830 802 911 divisiones,
820 830 1100 912 suppressiones
1124 829 1207 912 Epi·

21 981 22 984 ,
99 939 307 1018 scopatuum,
325 937 471 1019 alioque
484 935 521 1002 id
536 954 651 1018 genus
667 937 736 1002 sibi
753 936 841 1002 solis
858 935 1064 1002 tribuerint:
1086 935 1206 1000 dieen-

100 1041 171 1105 dum
182 1047 304 1108 autem
321 1047 377 1108 est
392 1043 429 1108 id
441 1044 524 1124 jure
541 1044 676 1125 optimo
690 1044 834 1120 iecisse:
854 1043 988 1108 etenim
1008 1043 1208 1108 communis

99 1145 282 1214 Doctorum
299 1150 482 1214 sententie
496 1156 680 1233 tamquam
696 1166 773 1214 rem
798 1155 937 1216 certam
956 1155 1066 1232 atque
1083 1151 1207 1232 explo-

99 1259 200 1320 ratum
218 1260 321 1322 tenet
337 1273 417 1322 earn
434 1261 653 1338 potestatem
669 1255 717 1320 ad
732 1254 896 1321 Summos
914 1255 1107 1322 Pontifices
1127 1273 1208 1337 per-

21 1355 22 1358 ’
99 1361 200 1427 tinere
208 1364 294 1445 jure
311 1363 502 1444 Primatus,
515 1363 554 1428 vi
567 1364 670 1444 cujus
687 1363 874 1427 ordinarie
891 1363 1016 1427 evadit
1033 1363 1070 1428 in
1085 1363 1206 1442 Petro,

95 1469 233 1552 eiusque
248 1469 525 1536 successoribus
557 1470 727 1535 Romanis
752 1469 986 1534 Pontificibus
1014 1468 1076 1552 (2>;
1108 1468 1202 1532 unde

97 1579 184 1640 recte
215 1581 252 1641 et
280 1576 467 1660 sapienter
490 1577 607 1659 inquit
622 1575 658 1640 S.
674 1574 894 1640 Bernerdus:
916 1576 1098 1642 Plenitudo
1112 1581 1207 1659 pote-

96 1684 185 1747 statis
200 1703 305 1768 super
316 1684 498 1750 universus
511 1685 603 1749 orbis
619 1681 794 1748 Ecclesiae
819 1683 993 1767 stipulari
1012 1701 1207 1766 praerosa·

96 1789 170 1852 tioo'
185 1787 404 1874 Apostolicae
431 1789 514 1856 Seue·
532 1791 660 1856 donato
689 1797 779 1854 cst...
798 1790 927 1870 Potest,
948 1791 978 1854 si
1005 1790 1089 1854 utile
1109 1789 1209 1874 judi·

21 1927 22 1954 ;
96 1897 226 1976 canerit,
255 1917 362 1962 novos
392 1897 557 1962 ordinare
585 1895 831 1982 Episcopatus,
864 1895 921 1959 ubi
950 1895 1113 1960 hactenus
1141 1915 1210 1960 ocu

94 2000 236 2083 sumet.
256 2003 373 2066 Potest
389 2023 455 2084 eos,
474 2005 532 2086 qui
548 2009 638 2082 sunt,
655 2002 744 2068 alios
760 2002 965 2085 deprimere,
983 2002 1072 2068 alios
1103 2001 1209 2066 subli-

96 2108 188 2186 mari,
201 2109 410 2191 prostratio
427 2109 493 2172 sibi
509 2109 704 2188 dictaverit,
720 2109 771 2174 ita
786 2115 824 2172 ut
841 2108 881 2172 de
909 2107 1096 2192 Episcopis
1114 2126 1209 2171 crea·

95 2213 421 2298 redrcltiepiscopos
443 2215 558 2296 liceat,
576 2221 607 2279 el
634 2235 651 2278 e
681 2234 853 2295 conuerso,
872 2215 903 2278 si
932 2233 1065 2278 necesse
1098 2213 1210 2276 visum

94 2319 265 2402 fuerittd).

174 2426 236 2491 Sin
251 2444 342 2492 vero
359 2444 478 2492 sermo
495 2427 542 2492 sit
557 2426 602 2490 de
616 2426 794 2492 divisione
810 2425 985 2490 territorii
1013 2425 1050 2488 in
1084 2423 1208 2488 Eccle-

95 2531 157 2597 sias
175 2533 347 2616 minores,
364 2551 458 2616 quae
471 2532 671 2598 Perochise
685 2537 954 2612 nuncupantur,
968 2530 1208 2612 proculdubio

96 2657 152 2719 per
163 2640 356 2706 Ecclesium
371 2640 600 2722 intelligendi
620 2650 704 2704 sunt
721 2639 904 2721 Episcopi,
924 2639 1055 2721 quibus
1069 2638 1113 2702 de
1130 2640 1208 2722 iure

95 2751 125 2808 ct
136 2747 231 2830 sacto
245 2745 490 2827 adjudicanda
502 2751 557 2810 est
573 2745 749 2828 ejusmodi
767 2744 986 2810 secundarie
1019 2744 1209 2826 organize-

96 2852 149 2933 tio;
166 2870 252 2917 nam
269 2853 322 2918 uti
339 2852 376 2916 in
394 2851 484 2916 Jure
517 2851 705 2916 Communi
737 2851 920 2914 statuitur:
956 2849 1076 2915 “Sicut
1105 2850 1209 2914 unire

94 2955 340 3040 Episcopatus,
359 2965 471 3040 etque
487 2958 660 3040 potestati
676 2959 858 3038 subjicere
872 2956 1018 3020 alienae
1035 2957 1082 3019 ad
1109 2955 1208 3020 Sum-

95 3081 180 3130 mum
198 3065 410 3130 Pontificem
426 3066 613 3147 pertinere
629 3063 865 3146 dignoscitur,
885 3063 936 3126 ita
953 3062 1123 3143 Episcopi
1153 3067 1209 3125 est

95 3168 333 3236 Ecclesiarum
363 3189 452 3236 suae
480 3171 667 3236 Dioeoesis
685 3171 768 3234 unio
798 3175 835 3234 et
865 3170 1045 3249 subjectio
1070 3185 1211 3232 earum·

95 3277 187 3363 dem„
206 3281 268 3360 (4);
288 3279 384 3362 quod
401 3279 545 3362 quidem
558 3295 605 3342 ex
621 3280 803 3360 potestate
818 3277 1003 3356 utriusque
1019 3274 1211 3338 evidenter

96 3385 283 3468 colligitur:
302 3385 603 3468 quemadmodum
628 3385 724 3448 enim
741 3383 922 3446 Romanus
941 3381 1108 3444 Pontifex
1126 3379 1210 3460 Epi·

95 3499 258 3574 scopetus
272 3491 405 3574 ubique
424 3493 578 3572 erigere,
594 3490 712 3570 unire,
732 3488 888 3552 dividire
906 3487 967 3552 vel
983 3488 1211 3568 supprimere

96 3604 219 3679 potest,
237 3599 324 3680 quie
340 3599 483 3662 ratione
499 3596 679 3660 Primatus
707 3596 744 3658 in
772 3595 982 3658 universam
1007 3592 1210 3657 Ecclesium

93 3704 374 3782 jurisdictionem
391 3704 539 3786 obtinet,
557 3703 609 3766 ita
632 3703 742 3766 etiem
760 3698 964 3782 Episcopus
992 3699 1090 3764 solas
1122 3717 1211 3764 suae

96 3859 272 3872 Ἢ

157 3981 197 4045 (1)
238 3978 287 4046 Op.
301 3977 345 4030 ut.
359 3977 405 4030 lib.
419 3977 441 4044 I,
458 3981 527 4045 port.
544 3977 566 4040 1,
580 3990 641 4042 usp.
655 3977 698 4040 56,
711 3991 738 4026 n.
758 3980 799 4029 lt.

157 4053 197 4112 (2)
232 4049 276 4104 De
289 4050 344 4102 hoc
356 4053 524 4114 argumento
536 4046 699 4101 doctissime
712 4048 771 4111 egit
792 4049 895 4102 Petrus
920 4041 1136 4098 Belieriui-Dc
1160 4041 1211 4098 Po

97 4121 147 4174 tout.
160 4118 235 4176 Eccl.
248 4137 309 4188 esp.
324 4121 361 4182 Π,
373 4137 402 4173 n.
416 4123 441 4174 ὁ.

159 4193 198 4258 (3)
234 4193 326 4258 Epist.
344 4190 479 4244 cxxxl.

159 4268 198 4330 (t)
236 4263 306 4331 Osp.
318 4263 408 4316 Srcur
418 4261 450 4315 de
461 4275 544 4315 esces.
556 4257 684 4314 Praelat.
