3038 4994
543 427 723 486 -261-

85 587 148 633 non
173 569 274 634 modo
298 576 530 652 peccatorem
555 589 577 634 a
605 571 676 635 fine
704 588 768 635 suo
794 569 968 654 alienant,
988 572 1053 636 sed
1082 572 1195 636 etiam

86 675 227 757 reliquos
244 693 361 758 pravo
380 676 547 762 exemplo
562 683 777 759 pervertere
792 694 836 742 ao
853 676 1028 742 seducere
1043 682 1191 761 queunt,

83 779 221 864 ideoque
246 783 410 847 ordinem
438 784 613 848 socialem
631 788 668 847 et
693 783 877 865 publicum
907 784 1096 848 Ecclesiae
1112 784 1194 848 sub-

83 893 228 953 vertunt.

158 995 208 1058 2.⁰
254 996 408 1060 Ratione
439 997 676 1079 inhonestatis,
721 997 894 1061 tribunali
942 995 1192 1060 ecclesiastico

78 1103 278 1183 specialiter
301 1103 452 1177 subsunt
481 1103 616 1167 delicta
645 1109 774 1168 contra
805 1105 919 1167 bonos
949 1119 1081 1183 mores;
1107 1119 1192 1165 nam

80 1207 271 1288 hujusmodi
298 1211 450 1274 crimina
478 1228 551 1274 non
578 1211 695 1274 solum
723 1211 857 1273 bonum
885 1209 1088 1291 temporale
1116 1209 1191 1272 lae·

77 1314 169 1394 dunt,
195 1317 246 1380 uti
271 1317 405 1381 furtum
433 1319 632 1382 intrinsece
660 1317 793 1381 malum
827 1325 863 1381 et
891 1318 1098 1382 necessario
1117 1317 1192 1397 ple-

77 1423 235 1487 ctendum
249 1424 295 1488 ob
319 1425 491 1505 injustam
511 1425 595 1488 boni
621 1424 833 1506 temporalis
858 1424 1111 1504 offensionem,
1127 1421 1193 1486 sed

76 1527 176 1591 etiam
192 1529 255 1592 tini
272 1531 522 1594 ecclesiastico
540 1531 717 1612 peculiari
733 1530 837 1594 modo
853 1535 1097 1611 opponuntur,
1110 1546 1192 1592 cum

76 1635 279 1698 societatem
307 1636 534 1716 spiritualem
566 1639 700 1700 sensim
729 1654 775 1700 ac
808 1629 1014 1700 clanculum
1043 1652 1192 1717 perver-

79 1746 159 1819 tant,
177 1741 361 1822 publicam
391 1761 529 1806 morum
559 1743 861 1823 depravationem
890 1742 1064 1823 fovendo,
1083 1749 1193 1823 atque

78 1843 223 1911 fidelium
241 1849 569 1914 sanctificationem
597 1867 828 1932 summopere
847 1849 1088 1930 impediendo:
1108 1849 1193 1912 hinc

78 1953 236 2030 praefata
259 1953 406 2035 delicta,
427 1975 498 2019 nou
524 1957 629 2020 modo
654 1959 797 2020 ratione
821 1956 987 2019 scandali
1018 1973 1099 2018 cum
1117 1957 1192 2018 fue-

78 2057 139 2120 rint
153 2060 310 2142 notoria,
331 2079 457 2126 verum
475 2062 586 2126 etiarn
603 2062 745 2126 ratione
764 2080 852 2126 suae
869 2062 1110 2125 iuhonestatis
1130 2079 1191 2141 pu·

78 2163 135 2226 uiri
150 2172 304 2247 possunt
322 2168 368 2230 ab
396 2169 573 2250 Ecclesia,
593 2169 699 2233 salva
715 2187 859 2252 semper
878 2169 1008 2250 maj0ri
1037 2169 1191 2250 punitio·

78 2289 125 2353 ne,
153 2291 263 2356 quam
294 2281 408 2339 status
437 2277 556 2341 civilis
589 2277 753 2358 infligere
781 2277 882 2341 valet
912 2277 1049 2339 directe
1082 2281 1192 2355 atque
1264 2355 1267 2360 Ι

77 2377 194 2443 intuitu
209 2381 303 2461 juris
321 2383 532 2465 temporalis
548 2383 652 2465 laesi,
668 2384 769 2448 velut
784 2383 823 2446 fit
836 2383 872 2446 in
889 2382 1081 2463 adulterio,
1094 2381 1191 2444 aliis·

76 2500 135 2564 que
152 2487 376 2552 criminibus

153 2591 202 2657 3.⁰
249 2593 403 2658 Ratione
421 2596 684 2676 exterioritatis,
699 2595 877 2678 Ecclesia,
893 2599 1039 2677 praeter
1057 2593 1192 2658 delicta

78 2697 433 2775 publicaetorimiua
465 2705 594 2765 contra
627 2703 739 2766 bonos
772 2720 903 2782 morea,
935 2719 1030 2784 quae
1056 2701 1190 2783 populo

77 2803 263 2876 christiano
273 2808 503 2872 occasionem
516 2808 680 2871 scandali
692 2811 870 2889 praebere
885 2809 945 2872 vel
960 2809 1101 2872 ruinam
1119 2810 1190 2890 spi·

77 2909 232 2976 ritualem
245 2915 397 2995 gignere
413 2915 544 2995 solent,
560 2921 679 2996 potest
695 2915 844 2995 insuper
862 2914 987 2978 fideles
1002 2916 1188 2996 corripere

76 3013 113 3079 de
127 3019 289 3100 quolibet
302 3021 374 3084 alio
394 3027 545 3102 peccato
566 3022 711 3085 mortali
728 3022 765 3084 in
780 3021 859 3085 foro
874 3029 1026 3085 externo
1045 3023 1190 3102 cognito

77 3139 112 3184 ao
124 3125 409 3206 demonstrabili;
428 3127 594 3192 itaenim
613 3133 741 3209 aperte
758 3129 944 3210 colligitur
957 3145 1003 3192 ex
1018 3127 1106 3192 Jure
1125 3125 1190 3190 Oa·

78 3233 208 3312 nonico,
227 3233 352 3314 inquo
379 3251 552 3314 expresse
584 3235 766 3298 statuitur:
789 3233 898 3299 “Oum
915 3235 1009 3297 euim
1039 3251 1111 3297 non
1128 3232 1189 3296 hu·

79 3349 195 3402 manae
220 3341 470 3404 constitutioni
488 3341 552 3405 sed
569 3342 716 3406 divinae
730 3343 850 3423 potius
876 3341 1085 3419 innitamur,
1105 3341 1191 3422 quia

78 3451 226 3517 potestas
242 3451 369 3510 nostra
386 3465 458 3512 non
475 3453 530 3511 est
555 3465 601 3511 ex
630 3449 787 3530 homine,
814 3447 878 3511 sed
896 3464 942 3510 ex
960 3445 1050 3528 Deo,
1069 3447 1190 3510 nullus

76 3549 128 3626 qui
142 3552 188 3614 sit
200 3569 313 3616 sanae
332 3553 461 3617 mentis
491 3555 648 3635 ignorat,
669 3555 755 3636 quin
784 3553 831 3617 ad
849 3553 1007 3617 officium
1025 3557 1190 3617 nostrum

76 3662 205 3732 spectet
221 3657 266 3722 de
284 3677 511 3742 quocumque
528 3666 679 3742 peccato
699 3660 844 3723 mortali
869 3659 1053 3741 corripere
1069 3677 1189 3741 quem·

78 3755 153 3826 libet
170 3763 420 3847 christianum3
441 3771 477 3829 et
494 3767 525 3829 si
542 3768 811 3848 correptionem
836 3767 1108 3849 contempserit,
1125 3783 1191 3848 per

76 3861 328 3936 districtionem
347 3873 637 3936 ecclesiasticam
655 3891 847 3958 coercere,
863 3875 923 3955 (1).

101 4019 104 4024 -
153 3975 231 4042 Hoc
240 3979 301 4059 J'us
315 3996 361 4042 ex
374 3979 452 4062 ipso
471 3979 541 4043 fine
559 3979 748 4044 Ecclesiae
763 3981 970 4044 immediate
988 3979 1191 4074 derivatur,

80 4167 226 4186 ''Q—.-

142 4309 178 4378 tl)
216 4309 285 4378 (lap.
299 4310 398 4365 Novrr
410 4323 480 4364 rann
492 4311 566 4364 XIIl
578 4310 737 4379 dejudiotn.
