3038 4994
1501 207 1502 256 l

777 333 955 397 ...250-

302 481 440 544 tiflcum
469 479 596 564 nequit
620 481 700 544 dari
727 485 837 563 atquo
865 471 1065 544 consistere
1094 467 1371 560 libera,'plena
1406 479 1448 540 et

300 587 400 670 jugis
432 587 712 652 communicatio
740 588 900 651 Pastoris
929 605 1008 650 cum
1037 603 1162 668 grege,
1182 584 1320 666 Capitis
1353 599 1447 647 cum

303 694 489 775 membris,
520 693 640 758 Patris
668 712 749 758 cum
776 695 872 773 filiis,
898 693 1123 757 Hierarchao
1152 709 1232 756 cum
1262 689 1445 768 subditis,
1501 691 1502 764 ἴ

304 797 442 864 Christi
460 799 597 864 Vioarii
625 817 706 864 cum
732 799 899 863 fidelibus
927 800 1035 862 totius
1065 799 1174 875 orbis3
1208 796 1446 880 quandoqui·

305 903 400 986 dem,
421 907 530 970 etiam
564 907 762 988 suppositis
794 906 1079 988 quibuscumque
1111 903 1444 982 conventionibus,
1501 929 1502 944 κ

304 1012 437 1094 pactis,
464 1011 787 1090 declarationibus,
814 1013 1047 1094 quantumvis
1076 1010 1222 1092 juratis,
1247 1010 1293 1072 de
1321 1009 1447 1090 plena
1501 1085 1502 1094 ἵ

304 1119 477 1184 libertate
495 1118 731 1184 concedenda
759 1118 923 1182 Pontifici
938 1119 975 1181 in
999 1118 1198 1199 spiritualis
1226 1117 1342 1197 ipsius
1376 1133 1443 1195 po·

306 1226 450 1288 testatis
475 1225 664 1306 exercitio,
684 1223 913 1306 experientia
941 1223 1180 1288 invictissime
1209 1221 1316 1286 docet
1341 1222 1444 1302 eJus-
1501 1227 1502 1230 ’

305 1330 403 1394 modi
433 1331 708 1411 conventiones,
727 1335 850 1413 pacta,
870 1331 1176 1412 promissionesve
1199 1333 1320 1392 tractu
1347 1335 1443 1390 tem·

305 1438 406 1519 poris
440 1437 643 1516 obliterari,
675 1436 902 1517 pessumdari
934 1454 978 1500 ac
1012 1453 1161 1517 prorsus
1194 1449 1440 1511 evanescere,

305 1541 499 1606 hodiedum
518 1545 749 1625 praesertim,
770 1561 850 1606 cum
869 1543 987 1606 ubivis
1012 1544 1173 1624 gentium
1198 1543 1355 1622 imperet
1371 1539 1443 1602 Jue
1501 1553 1502 1624 j

305 1649 443 1712 Novum
463 1650 689 1730 appellatum
708 1650 876 1727 (Derecto
894 1651 1084 1728 Moderao),
1103 1647 1200 1729 quod
1216 1646 1317 1710 idem·
1329 1651 1444 1709 sonat

307 1771 352 1817 ac
377 1755 437 1834 jus
467 1755 659 1836 mendacii,
678 1757 737 1836 Jus
762 1755 928 1846 fraudum
960 1755 1235 1833 moliendarum,
1251 1754 1311 1833 Jus
1341 1751 1441 1816 deci·
1501 1769 1502 1846 i

307 1859 443 1940 piendi,
460 1861 520 1941 jus
537 1861 779 1924 conculcandi
808 1863 929 1925 omnia
946 1861 1109 1942 foedera,
1128 1860 1308 1943 promissa
1325 1859 1442 1922 etiam
1501 1857 1502 1944 l

303 1967 545 2046 jurejurando
573 1967 729 2048 firmata,
745 1969 804 2048 jus
821 1968 1043 2048 infringendi
1060 1967 1227 2048 quamvis
1255 1966 1376 2046 legem
1394 1965 1440 2027 si·

307 2085 355 2135 vc
374 2073 579 2136 naturalem
598 2073 677 2136 sive
703 2073 876 2153 divinam,
891 2074 962 2154 jus,
980 2074 1198 2153 summatim,
1218 2071 1359 2138 nullam
1376 2070 1439 2134 ha·
1501 2075 1502 2164 l

308 2177 418 2242 bendi
435 2179 615 2241 rationem
627 2179 806 2259 justitiae,
821 2179 1022 2243 honestatis
1039 2196 1083 2243 ac
1095 2179 1256 2261 pudoris.
1371 2223 1375 2230 -

398 2284 516 2346 Testis
544 2285 651 2365 huius
669 2285 880 2349 assertionis
906 2286 1143 2366 proculdubio
1168 2275 1440 2348 est'conventio

308 2390 399 2452 inita
417 2391 511 2453 inter
530 2393 781 2471 Apostolicam
800 2391 927 2456 sedam
943 2399 979 2455 et
995 2391 1185 2456 Sardiniae
1200 2391 1350 2473 Regem;
1369 2395 1439 2452 tos·
1501 2399 1502 2482 p

308 2497 355 2559 tis
388 2515 530 2579 quoque
561 2499 725 2580 locuples
754 2501 949 2562 conventio
967 2501 1105 2582 pariter
1133 2501 1232 2563 facta
1260 2495 1438 2562 interRo·

309 2619 454 2666 manum
485 2603 697 2668 Pontificem
715 2609 752 2668 et
779 2605 974 2687 Imperium
1002 2605 1246 2684 Austriacu1n3
1266 2603 1437 2667 testisin·
1501 2635 1502 2688 ,

309 2723 420 2788 super
450 2709 701 2774 irrecusabilis
726 2717 910 2791 postrema
939 2713 1060 2793 pactio
1089 2714 1185 2776 inter
1213 2711 1317 2774 Pium
1334 2708 1387 2773 IX
1403 2710 1438 2769 et
1501 2693 1502 2780 Ῐ

308 2811 575 2894 Imperatorem
594 2815 843 2898 Napoleonem
860 2819 913 2881 Ili
930 2819 1067 2883 habita.
1087 2819 1235 2900 Absque
1253 2817 1437 2882 temerita·

309 2919 356 2981 tis
385 2927 472 2982 nota
501 2921 678 2985 affirmari
709 2930 841 3005 potest,
860 2941 941 2996 oum
970 2924 1156 2989 Gubernia
1185 2931 1222 2988 at
1250 2923 1438 3003 Principes
1501 2933 1502 2990 i

309 3025 515 3106 hujusmodi
542 3031 815 3112 promissiones,
836 3039 946 3112 pacta
975 3037 1011 3095 et
1034 3031 1306 3097 declarationes
1330 3029 1435 3094 facie·

309 3132 410 3211 bant,
430 3133 605 3197 insidiosa
637 3143 756 3199 mente
781 3143 818 3200 et
834 3137 1077 3218 diplomaticis
1105 3137 1308 3202 rationibus
1326 3133 1434 3210 ducti,
1501 3207 1502 3226 χ

310 3255 383 3302 non
409 3240 521 3303 semel
539 3245 803 3306 contrahentes
831 3251 867 3306 et
893 3243 1148 3324 promittentes
1164 3243 1203 3307 in
1227 3243 1348 3308 animo
1363 3242 1437 3322 jam

310 3345 549 3410 constitutum
568 3346 703 3411 habere
720 3349 804 3412 illas
821 3366 894 3412 non
909 3365 1073 3412 servare.
1501 3339 1502 3424 ]

401 3451 455 3515 2.⁰
514 3451 731 3516 Necessaria
764 3471 906 3536 quoquo
942 3463 998 3518 est
1030 3455 1250 3519 restauratio
1283 3451 1436 3518 Ditionis
1501 3455 1502 3538 l

308 3555 523 3621 Pontificius
549 3559 759 3640 adplenum
785 3561 1031 3641 integritatem
1060 3567 1251 3644 tutamque
1267 3561 1434 3642 indepen·
1501 3581 1502 3660 p

310 3661 475 3726 dentiam
509 3673 737 3759 caeterorum
769 3665 945 3747 Statuum;
977 3685 1022 3731 ex
1052 3685 1122 3749 quo
1152 3670 1249 3732 enim
1278 3667 1436 3732 Romano
1501 3661 1502 3736 l

311 3767 478 3831 Praesuli
495 3767 679 3850 demptum
703 3774 759 3834 est
775 3771 974 3852 legitimum
991 3774 1070 3851 ejus
1088 3773 1301 3854 dominium,
1321 3778 1357 3836 et
1372 3769 1438 3834 sub

311 3873 483 3954 Principe
513 3875 686 3940 invasore
713 3877 851 3958 positus
881 3879 1078 3959 invenitur,
1103 3885 1269 3960 potestas
1299 3878 1436 3942 territo·
1501 3925 1502 3958 ,

312 3980 416 4043 rialis
435 3988 471 4044 et
499 3983 698 4046 auctoritas
725 4000 895 4064 suprema
923 3983 1203 4067 Imperatorum,
1223 3984 1360 4066 Regum
1377 3981 1436 4046 vel
1501 3983 1502 4074 l

311 4082 537 4150 Summarum
557 4087 826 4153 Moderatorum
844 4090 881 4152 in
897 4089 1045 4171 Europa
1061 4091 1297 4171 regnantium
1313 4091 1350 4154 in
1367 4105 1435 4152 ma·

311 4205 421 4270 gnum
456 4195 493 4254 et
520 4193 776 4272 gravissimum
805 4193 999 4259 discrimen
1023 4201 1234 4276 versantur;
1261 4194 1434 4278 siquidem
1501 4207 1502 4294 J
