3038 4994
725 369 955 428 ¹-ttt-

306 518 343 578 te
359 513 577 578 catholicam
593 512 699 578 fldem
712 513 807 578 tueri
820 530 865 578 ac
881 529 1101 596 propagare,
1121 516 1305 596 totamque
1322 527 1438 592 rege·

305 637 346 685 re
363 625 399 684 et
416 621 622 701 gubernare
634 615 878 684 Christianam
894 617 1186 703 Rempublicam,
1206 620 1266 700 (1).

396 723 600 808 Caeterum,
619 725 747 792 eadem
775 727 884 792 totius
917 725 1014 790 urbis
1032 723 1204 788 catholici
1235 723 1328 788 mira
1345 738 1438 786 con·

305 829 431 894 cordia
447 830 484 895 in
501 830 706 913 profitenda
718 837 755 896 et
768 829 1030 912 proclamanda
1044 830 1264 894 necessitate
1277 827 1439 892 dominii

305 937 517 1020 temporalis
535 935 570 1002 S.
585 935 688 1002 Sedis
705 937 897 1002 manifeste
911 937 1021 1002 etiam
1033 937 1173 1000 eruitur
1185 951 1232 998 ex
1246 933 1440 998 communi

305 1049 415 1124 etque
432 1047 635 1125 spontaneo
661 1045 840 1127 suffragio
871 1043 997 1126 populi
1013 1040 1222 1123 Christiani,
1243 1041 1304 1123 qui
1319 1056 1440 1104 sensa

305 1165 372 1212 sua
387 1166 476 1230 erga
493 1150 640 1215 civilem
667 1149 909 1216 Romanorum
938 1149 1151 1220 Pontificum
1168 1147 1437 1230 principatum,

306 1257 456 1339 ejusque
469 1256 676 1322 libertatem
691 1275 735 1323 ac
746 1256 1066 1341 independentiam
1081 1255 1272 1338 multiplici
1285 1253 1439 1319 ratione

305 1363 501 1444 revelavit;
519 1364 737 1445 praesertim
750 1381 853 1446 vero,
872 1381 938 1446 per
953 1363 1236 1446 protestationes
1254 1365 1292 1426 et
1308 1358 1438 1424 decla-

305 1468 466 1533 rationes
483 1487 555 1534 una
572 1487 652 1534 oum
671 1468 776 1535 Claro
794 1469 841 1535 ad
854 1469 1036 1534 Summum
1053 1468 1263 1533 Pontificem
1281 1466 1439 1531 directis
1515 1497 1516 1500 ¹

306 1575 500 1640 occasione
531 1576 732 1641 invasionis
765 1575 940 1640 ditionum
973 1575 1329 1652 Ecclesiasticarum;
1364 1588 1439 1654 per
1515 1583 1516 1590 ’

306 1681 497 1746 innumera
521 1701 636 1768 prope
653 1685 792 1766 scripta
824 1691 860 1748 et
887 1684 1075 1766 epistolas,
1104 1700 1151 1746 ex
1183 1687 1289 1746 coetu
1305 1679 1439 1744 laicali

307 1786 469 1866 cujusvis
497 1789 633 1854 ordinis
666 1789 903 1872 patriciorum
935 1797 972 1854 et
1004 1789 1122 1872 plebis
1147 1787 1345 1870 prolectam
1365 1801 1440 1867 per

306 1893 439 1958 obolum
456 1893 489 1960 S.
507 1895 604 1960 Petri
631 1895 765 1960 dictum
784 1903 894 1978 atque
912 1913 958 1960 ex
976 1895 1137 1961 universi
1168 1893 1291 1958 mundi
1319 1891 1439 1973 parti·

306 1997 465 2096 bouvel
483 2002 592 2066 etiam
610 2002 860 2066 remotissimis
889 2000 1051 2068 Orientis
1080 2017 1124 2066 ac
1152 1997 1361 2066 Occidentis
1380 2014 1439 2061 re·

307 2105 473 2185 gionibus
490 2107 652 2172 Romano
677 2108 844 2173 Pontifici
872 2109 1035 2173 oblatum
1060 2109 1140 2172 sive
1157 2106 1203 2170 ab
1220 2103 1438 2184 individuis,

307 2213 386 2278 sive
403 2215 449 2278 ab
464 2215 784 2297 adsociationibus,
805 2224 879 2280 tum
910 2235 933 2280 a
958 2215 1146 2296 divitibus,
1164 2221 1239 2278 tum
1257 2231 1279 2276 a
1296 2227 1438 2294 paupe·

307 2321 419 2394 ribus:
438 2339 504 2403 per
520 2323 818 2405 subscriptiones,
834 2323 994 2405 gloriosa
1004 2322 1167 2404 epitheta
1180 2327 1217 2384 et
1229 2319 1439 2384 sententies

307 2445 396 2492 vere
413 2429 659 2510 admirabiles,
675 2447 799 2494 amore
816 2447 860 2494 ac
878 2431 1015 2512 pietate
1043 2429 1184 2512 plenas,
1201 2425 1330 2508 quibus
1347 2425 1438 2489 flde-

307 2533 361 2597 les
379 2535 581 2600 oblationes
598 2553 683 2600 suas
700 2537 939 2616 adornarunt3
960 2553 1026 2618 per
1042 2534 1352 2600 consociationem
1369 2551 1440 2599 seu
1516 2583 1517 2616 ,

307 2641 551 2721 apostolatum
569 2659 731 2724 precum;
750 2651 933 2724 postremo
968 2659 1033 2724 per
1063 2643 1142 2724 pias
1161 2640 1439 2705 foederationes
1516 2695 1517 2702 ,

308 2755 344 2808 et
361 2762 577 2826 congressus
595 2746 641 2810 ad
654 2747 806 2811 Romani
823 2747 1007 2813 Pontificis
1020 2749 1106 2830 jura
1123 2747 1259 2812 tuenda
1272 2747 1310 2810 in
1328 2763 1438 2828 prae-

308 2851 424 2932 cipuis
441 2853 588 2918 urbibus
606 2855 802 2918 institutos.

398 2957 474 3022 132.
522 2959 577 3024 lix
606 2961 923 3042 argumentatione
940 2961 1117 3025 hactenus
1144 2961 1328 3042 exposite,
1350 2961 1439 3041 jure

308 3065 466 3128 naturali
494 3065 632 3146 innixa,
665 3069 870 3132 testimonio
888 3067 1063 3132 historiae
1081 3067 1335 3146 corroborata,
1351 3067 1439 3148 jnre

308 3169 558 3235 ecclesiastico
574 3173 717 3236 sancita
741 3179 779 3236 et
800 3173 961 3238 unanimi
992 3174 1103 3238 totius
1137 3174 1236 3238 orbis
1261 3171 1439 3237 catholici

308 3290 486 3340 consensu
503 3277 658 3356 firmata,
673 3295 826 3358 pronum
839 3285 895 3342 est
907 3279 1044 3343 inferre
1058 3285 1214 3361 quatuor
1232 3279 1439 3343 conclusio·

307 3397 372 3446 nes
387 3399 450 3446 seu
464 3383 660 3448 corollaria
674 3385 795 3465 magni
819 3386 1003 3467 momenti,
1025 3385 1071 3450 ad
1091 3402 1185 3467 quae
1205 3386 1321 3450 veluti
1350 3401 1438 3466 syn·

307 3489 437 3553 thesim
455 3497 490 3554 et
507 3507 681 3554 summam
699 3491 868 3554 revocari
885 3498 1037 3572 possunt
1051 3493 1173 3557 omnia
1191 3509 1287 3574 quae
1303 3491 1349 3557 de
1367 3491 1440 3556 hac

307 3596 597 3677 praestatissima
616 3597 869 3660 controversia
887 3597 1074 3680 bucusque
1088 3598 1369 3680 disputavimus.

381 3897 420 3963 (l)
457 3897 539 3950 (toni.
553 3894 712 3950 Dcolurotio
724 3897 888 3952 antistitum
909 3900 1016 3952 uomina
1034 3901 1117 3954 totius
1129 3901 1301 3969 episcopanos
1312 3898 1441 3953 catholici

308 3983 399 4018 corum
413 3967 526 4020 Stemma
545 3965 768 4036 Pontificesurta
780 3967 823 4020 die
844 3973 863 4022 9
887 3967 1066 4032 Junti1862,
1090 3975 1119 4025 in
1145 3973 1314 4039 Appendice
1329 3969 1440 4024 Romm

308 4039 378 4089 18⁶4
391 4041 523 4104 apposito
535 4039 572 4090 ad
582 4042 686 4090 calcem
701 4055 820 4103 magnas
828 4041 1006 4094 collectionis
1027 4050 1290 4109 monumentorum,
1303 4057 1391 4108 quam
1403 4041 1440 4094 ab

308 4123 385 4160 anno
400 4111 467 4160 issu
480 4111 625 4173 evulgavit
639 4108 744 4162 Civiltb
756 4110 895 4162 Cattolica
907 4115 968 4164 sule
983 4117 1061 4179 typis
1071 4113 1127 4166 sub
1140 4114 1232 4168 titulo:
1248 4112 1294 4166 La
1310 4113 1440 4166 oourcni·

309 4176 339 4230 td
353 4177 498 4243 imperate
510 4177 552 4230 dei
565 4175 683 4232 Romam
693 4177 825 4238 Poulefici
833 4185 1010 4249 propupnclu
1023 4184 1097 4238 nella
1108 4199 1160 4238 stou
1174 4183 1308 4254 intepet&
1321 4183 1371 4237 dul
1382 4181 1442 4253 eust

303 4247 402 4318 srcpio
414 4247 475 4301 dell·
491 4247 561 4302 Orbe
571 4250 704 4318 cctlolico,
716 4255 849 4318 rapsacis
860 4250 912 4306 Pio
922 4251 977 4307 IX.
