<?xml version="1.0" encoding="UTF-8"?>
<!DOCTYPE html PUBLIC "-//W3C//DTD XHTML 1.0 Transitional//EN"
    "http://www.w3.org/TR/xhtml1/DTD/xhtml1-transitional.dtd">
<html xmlns="http://www.w3.org/1999/xhtml" xml:lang="en" lang="en">
 <head>
  <title>
</title>
<meta http-equiv="Content-Type" content="text/html;charset=utf-8" />
  <meta name='ocr-system' content='tesseract 3.04.00' />
  <meta name='ocr-capabilities' content='ocr_page ocr_carea ocr_par ocr_line ocrx_word'/>
</head>
<body>
  <div class='ocr_page' id='page_1' title='image "./juspublicumeccl00ferngoog_0350.png"; bbox 0 0 3028 4992; ppageno 0'>
   <div class='ocr_carea' id='block_1_1' title="bbox 555 388 733 446">
    <p class='ocr_par' dir='ltr' id='par_1_1' title="bbox 555 388 733 446">
     <span class='ocr_line' id='line_1_1' title="bbox 555 388 733 446; baseline 0.006 -1"><span class='ocrx_word' id='word_1_1' title='bbox 555 388 733 446; x_wconf 86' lang='lat'><strong>-343-</strong></span> 
     </span>
    </p>
   </div>
   <div class='ocr_carea' id='block_1_2' title="bbox 19 529 1206 1146">
    <p class='ocr_par' dir='ltr' id='par_1_2' title="bbox 19 529 1206 1146">
     <span class='ocr_line' id='line_1_2' title="bbox 175 529 1206 613; baseline 0 -19"><span class='ocrx_word' id='word_1_2' title='bbox 175 531 225 594; x_wconf 87' lang='lat'><strong>14.</strong></span> <span class='ocrx_word' id='word_1_3' title='bbox 276 530 378 612; x_wconf 80' lang='lat' dir='ltr'><strong>Quod</strong></span> <span class='ocrx_word' id='word_1_4' title='bbox 395 549 484 596; x_wconf 92' lang='lat' dir='ltr'><strong>vero</strong></span> <span class='ocrx_word' id='word_1_5' title='bbox 502 531 546 595; x_wconf 92' lang='lat' dir='ltr'><strong>ad</strong></span> <span class='ocrx_word' id='word_1_6' title='bbox 566 533 725 596; x_wconf 83' lang='lat' dir='ltr'><strong>futuram</strong></span> <span class='ocrx_word' id='word_1_7' title='bbox 745 531 1009 613; x_wconf 82' lang='lat' dir='ltr'><strong>perfectionem</strong></span> <span class='ocrx_word' id='word_1_8' title='bbox 1033 529 1055 595; x_wconf 92' lang='lat' dir='ltr'><strong>J</strong></span> <span class='ocrx_word' id='word_1_9' title='bbox 1058 531 1131 594; x_wconf 87' lang='lat' dir='ltr'><strong>uris</strong></span> <span class='ocrx_word' id='word_1_10' title='bbox 1149 531 1206 594; x_wconf 92' lang='lat' dir='ltr'><strong>In·</strong></span> 
     </span>
     <span class='ocr_line' id='line_1_3' title="bbox 97 637 1205 719; baseline 0.002 -21"><span class='ocrx_word' id='word_1_11' title='bbox 97 638 338 702; x_wconf 77' lang='lat' dir='ltr'><strong>tornationalis</strong></span> <span class='ocrx_word' id='word_1_12' title='bbox 355 638 494 702; x_wconf 85' lang='lat' dir='ltr'>Publici</span> <span class='ocrx_word' id='word_1_13' title='bbox 526 637 685 719; x_wconf 80' lang='lat' dir='ltr'><strong>respicit,</strong></span> <span class='ocrx_word' id='word_1_14' title='bbox 704 638 856 702; x_wconf 78' lang='lat' dir='ltr'><strong>obsolute</strong></span> <span class='ocrx_word' id='word_1_15' title='bbox 889 637 1069 718; x_wconf 91' lang='lat' dir='ltr'><strong>loquendo</strong></span> <span class='ocrx_word' id='word_1_16' title='bbox 1083 655 1084 660; x_wconf 46' lang='lat'>¹</span> <span class='ocrx_word' id='word_1_17' title='bbox 1100 654 1205 700; x_wconf 92' lang='lat' dir='ltr'><strong>nemo</strong></span> 
     </span>
     <span class='ocr_line' id='line_1_4' title="bbox 19 743 1206 825; baseline 0.002 -21"><span class='ocrx_word' id='word_1_18' title='bbox 19 790 20 795; x_wconf 15' lang='grc' dir='ltr'>η</span> <span class='ocrx_word' id='word_1_19' title='bbox 97 743 247 822; x_wconf 85' lang='lat' dir='ltr'><strong>proiecto</strong></span> <span class='ocrx_word' id='word_1_20' title='bbox 262 745 538 825; x_wconf 89' lang='lat' dir='ltr'><strong>possibilitatem</strong></span> <span class='ocrx_word' id='word_1_21' title='bbox 567 744 656 807; x_wconf 84' lang='lat' dir='ltr'><strong>sacti</strong></span> <span class='ocrx_word' id='word_1_22' title='bbox 674 744 910 824; x_wconf 86' lang='lat' dir='ltr'><strong>inficiabitur;</strong></span> <span class='ocrx_word' id='word_1_23' title='bbox 930 743 994 808; x_wconf 89' lang='lat' dir='ltr'><strong>sed</strong></span> <span class='ocrx_word' id='word_1_24' title='bbox 1026 745 1206 808; x_wconf 80' lang='lat' dir='ltr'><strong>moraliter</strong></span> 
     </span>
     <span class='ocr_line' id='line_1_5' title="bbox 19 848 1206 932; baseline 0.002 -21"><span class='ocrx_word' id='word_1_25' title='bbox 19 862 20 931; x_wconf 78' lang='lat' dir='ltr'>j</span> <span class='ocrx_word' id='word_1_26' title='bbox 96 848 264 932; x_wconf 89' lang='lat' dir='ltr'><strong>loquendo</strong></span> <span class='ocrx_word' id='word_1_27' title='bbox 278 851 383 915; x_wconf 87' lang='lat' dir='ltr'><strong>nobis</strong></span> <span class='ocrx_word' id='word_1_28' title='bbox 395 851 539 915; x_wconf 90' lang='lat' dir='ltr'><strong>videtur</strong></span> <span class='ocrx_word' id='word_1_29' title='bbox 557 868 639 914; x_wconf 92' lang='lat' dir='ltr'><strong>sero</strong></span> <span class='ocrx_word' id='word_1_30' title='bbox 653 850 713 914; x_wconf 92' lang='lat' dir='ltr'><strong>vel</strong></span> <span class='ocrx_word' id='word_1_31' title='bbox 728 868 911 932; x_wconf 87' lang='lat' dir='ltr'><strong>nunquam</strong></span> <span class='ocrx_word' id='word_1_32' title='bbox 944 851 1130 913; x_wconf 87' lang='lat' dir='ltr'><strong>obtentum</strong></span> <span class='ocrx_word' id='word_1_33' title='bbox 1161 850 1206 914; x_wconf 92' lang='lat' dir='ltr'><strong>iri</strong></span> 
     </span>
     <span class='ocr_line' id='line_1_6' title="bbox 94 955 1206 1038; baseline 0.001 -21"><span class='ocrx_word' id='word_1_34' title='bbox 94 955 287 1035; x_wconf 85' lang='lat' dir='ltr'><strong>hujusmodi</strong></span> <span class='ocrx_word' id='word_1_35' title='bbox 306 957 563 1036; x_wconf 81' lang='lat' dir='ltr'><strong>desideratum3</strong></span> <span class='ocrx_word' id='word_1_36' title='bbox 579 957 746 1038; x_wconf 82' lang='lat' dir='ltr'><strong>quamvis</strong></span> <span class='ocrx_word' id='word_1_37' title='bbox 762 957 856 1020; x_wconf 89' lang='lat' dir='ltr'><strong>enim</strong></span> <span class='ocrx_word' id='word_1_38' title='bbox 871 955 1006 1035; x_wconf 79' lang='lat' dir='ltr'><strong>Statue,</strong></span> <span class='ocrx_word' id='word_1_39' title='bbox 1022 955 1206 1037; x_wconf 88' lang='lat' dir='ltr'><strong>Imperan-</strong></span> 
     </span>
     <span class='ocr_line' id='line_1_7' title="bbox 95 1061 1206 1146; baseline 0 -22"><span class='ocrx_word' id='word_1_40' title='bbox 95 1067 151 1142; x_wconf 89' lang='lat' dir='ltr'><strong>tes,</strong></span> <span class='ocrx_word' id='word_1_41' title='bbox 169 1061 408 1146; x_wconf 75' lang='lat' dir='ltr'><strong>congressus,</strong></span> <span class='ocrx_word' id='word_1_42' title='bbox 428 1063 631 1145; x_wconf 82' lang='lat' dir='ltr'><strong>Sapientes,</strong></span> <span class='ocrx_word' id='word_1_43' title='bbox 651 1063 897 1145; x_wconf 85' lang='lat' dir='ltr'><strong>Legislatores</strong></span> <span class='ocrx_word' id='word_1_44' title='bbox 915 1067 951 1126; x_wconf 91' lang='lat' dir='ltr'><strong>et</strong></span> <span class='ocrx_word' id='word_1_45' title='bbox 971 1061 1206 1144; x_wconf 88' lang='lat' dir='ltr'><strong>Diplomatici</strong></span> 
     </span>
    </p>
   </div>
   <div class='ocr_carea' id='block_1_3' title="bbox 15 1169 1282 1893">
    <p class='ocr_par' dir='ltr' id='par_1_3' title="bbox 15 1169 1282 1893">
     <span class='ocr_line' id='line_1_8' title="bbox 94 1169 1205 1251; baseline 0.002 -20"><span class='ocrx_word' id='word_1_46' title='bbox 94 1169 275 1248; x_wconf 91' lang='lat' dir='ltr'><strong>plurimum</strong></span> <span class='ocrx_word' id='word_1_47' title='bbox 291 1171 594 1235; x_wconf 85' lang='lat' dir='ltr'><strong>adlaboraverint</strong></span> <span class='ocrx_word' id='word_1_48' title='bbox 609 1175 645 1234; x_wconf 90' lang='lat' dir='ltr'><strong>et</strong></span> <span class='ocrx_word' id='word_1_49' title='bbox 663 1177 777 1234; x_wconf 90' lang='lat' dir='ltr'><strong>totam</strong></span> <span class='ocrx_word' id='word_1_50' title='bbox 791 1186 939 1250; x_wconf 82' lang='lat' dir='ltr'><strong>operam</strong></span> <span class='ocrx_word' id='word_1_51' title='bbox 953 1169 1127 1232; x_wconf 79' lang='lat' dir='ltr'><strong>neverint</strong></span> <span class='ocrx_word' id='word_1_52' title='bbox 1140 1187 1205 1251; x_wconf 91' lang='lat' dir='ltr'><strong>pro</strong></span> 
     </span>
     <span class='ocr_line' id='line_1_9' title="bbox 15 1273 1206 1358; baseline 0.003 -22"><span class='ocrx_word' id='word_1_53' title='bbox 15 1353 16 1356; x_wconf 8' lang='grc' dir='ltr'><strong>Ἴ</strong></span> <span class='ocrx_word' id='word_1_54' title='bbox 93 1273 152 1338; x_wconf 90' lang='lat' dir='ltr'><strong>hoc</strong></span> <span class='ocrx_word' id='word_1_55' title='bbox 168 1276 344 1342; x_wconf 78' lang='lat' dir='ltr'><strong>laudabili</strong></span> <span class='ocrx_word' id='word_1_56' title='bbox 362 1295 473 1358; x_wconf 88' lang='lat' dir='ltr'><strong>scopo</strong></span> <span class='ocrx_word' id='word_1_57' title='bbox 493 1277 718 1358; x_wconf 89' lang='lat' dir='ltr'><strong>attingendo,</strong></span> <span class='ocrx_word' id='word_1_58' title='bbox 739 1276 896 1340; x_wconf 91' lang='lat' dir='ltr'><strong>noudum</strong></span> <span class='ocrx_word' id='word_1_59' title='bbox 921 1293 979 1340; x_wconf 90' lang='lat' dir='ltr'><strong>res</strong></span> <span class='ocrx_word' id='word_1_60' title='bbox 998 1275 1044 1339; x_wconf 88' lang='lat' dir='ltr'><strong>ad</strong></span> <span class='ocrx_word' id='word_1_61' title='bbox 1061 1275 1206 1340; x_wconf 84' lang='lat' dir='ltr'><strong>felicem</strong></span> 
     </span>
     <span class='ocr_line' id='line_1_10' title="bbox 93 1381 1204 1466; baseline 0.004 -23"><span class='ocrx_word' id='word_1_62' title='bbox 93 1381 220 1448; x_wconf 85' lang='lat' dir='ltr'><strong>exitum</strong></span> <span class='ocrx_word' id='word_1_63' title='bbox 238 1384 418 1466; x_wconf 90' lang='lat' dir='ltr'><strong>perducta</strong></span> <span class='ocrx_word' id='word_1_64' title='bbox 435 1391 501 1464; x_wconf 89' lang='lat' dir='ltr'><strong>est,</strong></span> <span class='ocrx_word' id='word_1_65' title='bbox 521 1393 558 1448; x_wconf 89' lang='lat' dir='ltr'><strong>et</strong></span> <span class='ocrx_word' id='word_1_66' title='bbox 575 1385 732 1448; x_wconf 82' lang='lat' dir='ltr'><strong>fortasse</strong></span> <span class='ocrx_word' id='word_1_67' title='bbox 747 1383 793 1447; x_wconf 90' lang='lat' dir='ltr'><strong>ad</strong></span> <span class='ocrx_word' id='word_1_68' title='bbox 811 1387 974 1465; x_wconf 87' lang='lat' dir='ltr'><strong>optatum</strong></span> <span class='ocrx_word' id='word_1_69' title='bbox 993 1384 1099 1448; x_wconf 90' lang='lat' dir='ltr'><strong>linem</strong></span> <span class='ocrx_word' id='word_1_70' title='bbox 1117 1401 1204 1447; x_wconf 90' lang='lat' dir='ltr'><strong>nun·</strong></span> 
     </span>
     <span class='ocr_line' id='line_1_11' title="bbox 93 1490 1282 1572; baseline 0.003 -22"><span class='ocrx_word' id='word_1_71' title='bbox 93 1505 189 1569; x_wconf 90' lang='lat' dir='ltr'><strong>quam</strong></span> <span class='ocrx_word' id='word_1_72' title='bbox 205 1491 444 1572; x_wconf 87' lang='lat' dir='ltr'><strong>pervenietur</strong></span> <span class='ocrx_word' id='word_1_73' title='bbox 458 1491 573 1554; x_wconf 90' lang='lat' dir='ltr'><strong>tribus</strong></span> <span class='ocrx_word' id='word_1_74' title='bbox 588 1490 813 1571; x_wconf 86' lang='lat' dir='ltr'><strong>potissimum</strong></span> <span class='ocrx_word' id='word_1_75' title='bbox 832 1490 1058 1571; x_wconf 86' lang='lat' dir='ltr'><strong>gravissimis</strong></span> <span class='ocrx_word' id='word_1_76' title='bbox 1072 1490 1204 1554; x_wconf 93' lang='lat' dir='ltr'><strong>incom-</strong></span> <span class='ocrx_word' id='word_1_77' title='bbox 1280 1506 1282 1511; x_wconf 88' lang='lat'>·</span> 
     </span>
     <span class='ocr_line' id='line_1_12' title="bbox 94 1595 1205 1682; baseline 0.003 -25"><span class='ocrx_word' id='word_1_78' title='bbox 94 1595 209 1677; x_wconf 89' lang='lat' dir='ltr'><strong>modis,</strong></span> <span class='ocrx_word' id='word_1_79' title='bbox 229 1615 325 1680; x_wconf 88' lang='lat' dir='ltr'><strong>quae</strong></span> <span class='ocrx_word' id='word_1_80' title='bbox 353 1597 551 1660; x_wconf 85' lang='lat' dir='ltr'><strong>dificillime</strong></span> <span class='ocrx_word' id='word_1_81' title='bbox 577 1599 759 1660; x_wconf 89' lang='lat' dir='ltr'><strong>removeri</strong></span> <span class='ocrx_word' id='word_1_82' title='bbox 795 1601 954 1679; x_wconf 84' lang='lat' dir='ltr'><strong>possent,</strong></span> <span class='ocrx_word' id='word_1_83' title='bbox 973 1597 1125 1678; x_wconf 88' lang='lat' dir='ltr'><strong>scilicet,</strong></span> <span class='ocrx_word' id='word_1_84' title='bbox 1145 1618 1205 1682; x_wconf 87' lang='lat' dir='ltr'><strong>ap·</strong></span> 
     </span>
     <span class='ocr_line' id='line_1_13' title="bbox 92 1701 1205 1789; baseline 0.003 -24"><span class='ocrx_word' id='word_1_85' title='bbox 92 1701 269 1774; x_wconf 78' lang='lat' dir='ltr'><strong>plicatione</strong></span> <span class='ocrx_word' id='word_1_86' title='bbox 287 1704 488 1768; x_wconf 86' lang='lat' dir='ltr'><strong>universali</strong></span> <span class='ocrx_word' id='word_1_87' title='bbox 504 1703 525 1768; x_wconf 88' lang='lat' dir='ltr'>J</span> <span class='ocrx_word' id='word_1_88' title='bbox 530 1705 614 1768; x_wconf 70' lang='lat' dir='ltr'><strong>uris&#39;</strong></span> <span class='ocrx_word' id='word_1_89' title='bbox 638 1703 952 1785; x_wconf 77' lang='lat' dir='ltr'><strong>InternationaliS,</strong></span> <span class='ocrx_word' id='word_1_90' title='bbox 972 1705 1205 1789; x_wconf 81' lang='lat' dir='ltr'><strong>codificotione</strong></span> 
     </span>
     <span class='ocr_line' id='line_1_14' title="bbox 93 1805 1071 1893; baseline 0.004 -23"><span class='ocrx_word' id='word_1_91' title='bbox 93 1805 202 1889; x_wconf 88' lang='lat' dir='ltr'><strong>legum</strong></span> <span class='ocrx_word' id='word_1_92' title='bbox 221 1819 332 1893; x_wconf 87' lang='lat' dir='ltr'><strong>atque</strong></span> <span class='ocrx_word' id='word_1_93' title='bbox 346 1812 588 1876; x_wconf 72' lang='lat' dir='ltr'><strong>constitutione</strong></span> <span class='ocrx_word' id='word_1_94' title='bbox 602 1810 789 1874; x_wconf 89' lang='lat' dir='ltr'><strong>societatis</strong></span> <span class='ocrx_word' id='word_1_95' title='bbox 803 1810 1071 1875; x_wconf 88' lang='lat' dir='ltr'><strong>ethuarclricae.</strong></span> 
     </span>
    </p>
   </div>
   <div class='ocr_carea' id='block_1_4' title="bbox 10 1913 1210 4338">
    <p class='ocr_par' dir='ltr' id='par_1_4' title="bbox 10 1913 1210 4338">
     <span class='ocr_line' id='line_1_15' title="bbox 172 1913 1208 2000; baseline 0.001 -22"><span class='ocrx_word' id='word_1_96' title='bbox 172 1913 387 2000; x_wconf 81' lang='lat' dir='ltr'><strong>Applicotio.</strong></span> <span class='ocrx_word' id='word_1_97' title='bbox 408 1917 476 1980; x_wconf 90' lang='lat' dir='ltr'><strong>Res</strong></span> <span class='ocrx_word' id='word_1_98' title='bbox 491 1915 600 1979; x_wconf 93' lang='lat' dir='ltr'><strong>valde</strong></span> <span class='ocrx_word' id='word_1_99' title='bbox 618 1915 788 1995; x_wconf 85' lang='lat' dir='ltr'><strong>difficilis,</strong></span> <span class='ocrx_word' id='word_1_100' title='bbox 805 1916 881 1978; x_wconf 85' lang='lat' dir='ltr'><strong>iere</strong></span> <span class='ocrx_word' id='word_1_101' title='bbox 902 1915 1134 1996; x_wconf 88' lang='lat' dir='ltr'><strong>impossibilis</strong></span> <span class='ocrx_word' id='word_1_102' title='bbox 1153 1919 1208 1980; x_wconf 87' lang='lat' dir='ltr'><strong>est</strong></span> 
     </span>
     <span class='ocr_line' id='line_1_16' title="bbox 93 2015 1206 2102; baseline 0.005 -24"><span class='ocrx_word' id='word_1_103' title='bbox 93 2015 149 2081; x_wconf 86' lang='lat' dir='ltr'><strong>Jus</strong></span> <span class='ocrx_word' id='word_1_104' title='bbox 165 2019 456 2085; x_wconf 86' lang='lat' dir='ltr'><strong>internationale</strong></span> <span class='ocrx_word' id='word_1_105' title='bbox 473 2021 675 2102; x_wconf 82' lang='lat' dir='ltr'><strong>generatim</strong></span> <span class='ocrx_word' id='word_1_106' title='bbox 706 2020 906 2101; x_wconf 80' lang='lat' dir='ltr'><strong>applicare.</strong></span> <span class='ocrx_word' id='word_1_107' title='bbox 935 2019 1003 2082; x_wconf 91' lang='lat' dir='ltr'><strong>hoc</strong></span> <span class='ocrx_word' id='word_1_108' title='bbox 1036 2027 1102 2100; x_wconf 85' lang='lat' dir='ltr'><strong>est,</strong></span> <span class='ocrx_word' id='word_1_109' title='bbox 1122 2037 1206 2084; x_wconf 90' lang='lat' dir='ltr'><strong>cun-</strong></span> 
     </span>
     <span class='ocr_line' id='line_1_17' title="bbox 94 2124 1208 2210; baseline 0.003 -25"><span class='ocrx_word' id='word_1_110' title='bbox 94 2124 151 2188; x_wconf 88' lang='lat' dir='ltr'><strong>ctis</strong></span> <span class='ocrx_word' id='word_1_111' title='bbox 165 2129 311 2210; x_wconf 90' lang='lat' dir='ltr'><strong>populis</strong></span> <span class='ocrx_word' id='word_1_112' title='bbox 329 2128 568 2209; x_wconf 78' lang='lat' dir='ltr'><strong>cogentibus:</strong></span> <span class='ocrx_word' id='word_1_113' title='bbox 588 2127 615 2206; x_wconf 79' lang='lat'><strong>¹¹)</strong></span> <span class='ocrx_word' id='word_1_114' title='bbox 634 2127 796 2208; x_wconf 91' lang='lat' dir='ltr'><strong>ejusdem</strong></span> <span class='ocrx_word' id='word_1_115' title='bbox 814 2127 908 2190; x_wconf 92' lang='lat' dir='ltr'><strong>enim</strong></span> <span class='ocrx_word' id='word_1_116' title='bbox 942 2126 1037 2188; x_wconf 88' lang='lat' dir='ltr'><strong>actio</strong></span> <span class='ocrx_word' id='word_1_117' title='bbox 1066 2129 1208 2189; x_wconf 89' lang='lat' dir='ltr'><strong>tantum</strong></span> 
     </span>
     <span class='ocr_line' id='line_1_18' title="bbox 94 2232 1208 2315; baseline 0.001 -23"><span class='ocrx_word' id='word_1_118' title='bbox 94 2234 279 2314; x_wconf 86' lang='lat' dir='ltr'><strong>complecti</strong></span> <span class='ocrx_word' id='word_1_119' title='bbox 294 2235 394 2298; x_wconf 89' lang='lat' dir='ltr'><strong>valet</strong></span> <span class='ocrx_word' id='word_1_120' title='bbox 408 2236 587 2315; x_wconf 90' lang='lat' dir='ltr'><strong>nationes,</strong></span> <span class='ocrx_word' id='word_1_121' title='bbox 600 2235 636 2297; x_wconf 91' lang='lat' dir='ltr'><strong>in</strong></span> <span class='ocrx_word' id='word_1_122' title='bbox 650 2233 780 2315; x_wconf 84' lang='lat' dir='ltr'><strong>quibus</strong></span> <span class='ocrx_word' id='word_1_123' title='bbox 795 2233 1019 2313; x_wconf 90' lang='lat' dir='ltr'><strong>recipiuntur</strong></span> <span class='ocrx_word' id='word_1_124' title='bbox 1033 2236 1069 2294; x_wconf 92' lang='lat' dir='ltr'><strong>et</strong></span> <span class='ocrx_word' id='word_1_125' title='bbox 1082 2232 1208 2312; x_wconf 89' lang='lat' dir='ltr'><strong>vigent</strong></span> 
     </span>
     <span class='ocr_line' id='line_1_19' title="bbox 95 2335 1207 2424; baseline 0.003 -25"><span class='ocrx_word' id='word_1_126' title='bbox 95 2338 267 2424; x_wconf 90' lang='lat' dir='ltr'><strong>principia</strong></span> <span class='ocrx_word' id='word_1_127' title='bbox 280 2341 569 2406; x_wconf 82' lang='lat' dir='ltr'><strong>fundamentalia</strong></span> <span class='ocrx_word' id='word_1_128' title='bbox 588 2341 777 2404; x_wconf 83' lang='lat' dir='ltr'><strong>civilitatis</strong></span> <span class='ocrx_word' id='word_1_129' title='bbox 796 2355 990 2422; x_wconf 89' lang='lat' dir='ltr'><strong>europeae:</strong></span> <span class='ocrx_word' id='word_1_130' title='bbox 1009 2335 1036 2418; x_wconf 75' lang='lat' dir='ltr'><strong>b)</strong></span> <span class='ocrx_word' id='word_1_131' title='bbox 1061 2338 1207 2402; x_wconf 89' lang='lat' dir='ltr'><strong>relatio·</strong></span> 
     </span>
     <span class='ocr_line' id='line_1_20' title="bbox 94 2445 1207 2531; baseline 0.003 -26"><span class='ocrx_word' id='word_1_132' title='bbox 94 2457 150 2508; x_wconf 87' lang='lat' dir='ltr'><strong>nes</strong></span> <span class='ocrx_word' id='word_1_133' title='bbox 176 2448 340 2529; x_wconf 86' lang='lat' dir='ltr'><strong>gentium</strong></span> <span class='ocrx_word' id='word_1_134' title='bbox 373 2448 420 2512; x_wconf 86' lang='lat' dir='ltr'><strong>ab</strong></span> <span class='ocrx_word' id='word_1_135' title='bbox 454 2449 615 2531; x_wconf 89' lang='lat' dir='ltr'><strong>ipsarum</strong></span> <span class='ocrx_word' id='word_1_136' title='bbox 650 2448 901 2530; x_wconf 79' lang='lat' dir='ltr'><strong>recognitione</strong></span> <span class='ocrx_word' id='word_1_137' title='bbox 934 2445 1207 2511; x_wconf 81' lang='lat' dir='ltr'><strong>internetionali</strong></span> 
     </span>
     <span class='ocr_line' id='line_1_21' title="bbox 94 2553 1207 2636; baseline 0.002 -23"><span class='ocrx_word' id='word_1_138' title='bbox 94 2553 257 2634; x_wconf 83' lang='lat' dir='ltr'><strong>pendent3</strong></span> <span class='ocrx_word' id='word_1_139' title='bbox 273 2555 350 2635; x_wconf 80' lang='lat' dir='ltr'><strong>Jam</strong></span> <span class='ocrx_word' id='word_1_140' title='bbox 367 2571 469 2635; x_wconf 91' lang='lat' dir='ltr'><strong>vero,</strong></span> <span class='ocrx_word' id='word_1_141' title='bbox 491 2573 564 2618; x_wconf 91' lang='lat' dir='ltr'><strong>non</strong></span> <span class='ocrx_word' id='word_1_142' title='bbox 594 2571 718 2618; x_wconf 87' lang='lat' dir='ltr'><strong>omnes</strong></span> <span class='ocrx_word' id='word_1_143' title='bbox 747 2555 873 2636; x_wconf 93' lang='lat' dir='ltr'><strong>populi</strong></span> <span class='ocrx_word' id='word_1_144' title='bbox 905 2555 988 2635; x_wconf 89' lang='lat' dir='ltr'><strong>jure</strong></span> <span class='ocrx_word' id='word_1_145' title='bbox 1021 2553 1207 2635; x_wconf 91' lang='lat' dir='ltr'><strong>potiuntur</strong></span> 
     </span>
     <span class='ocr_line' id='line_1_22' title="bbox 95 2655 1208 2744; baseline 0.005 -27"><span class='ocrx_word' id='word_1_146' title='bbox 95 2655 312 2726; x_wconf 87' lang='lat' dir='ltr'><strong>adeamdem</strong></span> <span class='ocrx_word' id='word_1_147' title='bbox 330 2663 630 2744; x_wconf 84' lang='lat' dir='ltr'><strong>recognitionem,</strong></span> <span class='ocrx_word' id='word_1_148' title='bbox 650 2662 713 2727; x_wconf 87' lang='lat' dir='ltr'><strong>sed</strong></span> <span class='ocrx_word' id='word_1_149' title='bbox 724 2663 832 2742; x_wconf 86' lang='lat' dir='ltr'><strong>juxta</strong></span> <span class='ocrx_word' id='word_1_150' title='bbox 858 2662 1011 2744; x_wconf 89' lang='lat' dir='ltr'><strong>gradum</strong></span> <span class='ocrx_word' id='word_1_151' title='bbox 1044 2661 1208 2725; x_wconf 89' lang='lat' dir='ltr'><strong>culturae</strong></span> 
     </span>
     <span class='ocr_line' id='line_1_23' title="bbox 10 2765 1208 2854; baseline 0.007 -30"><span class='ocrx_word' id='word_1_152' title='bbox 10 2849 11 2854; x_wconf 5' lang='grc' dir='ltr'>ἵ</span> <span class='ocrx_word' id='word_1_153' title='bbox 95 2765 217 2846; x_wconf 81' lang='lat' dir='ltr'><strong>majmi</strong></span> <span class='ocrx_word' id='word_1_154' title='bbox 233 2769 294 2832; x_wconf 92' lang='lat' dir='ltr'><strong>vel</strong></span> <span class='ocrx_word' id='word_1_155' title='bbox 314 2769 442 2832; x_wconf 89' lang='lat' dir='ltr'><strong>minori</strong></span> <span class='ocrx_word' id='word_1_156' title='bbox 457 2769 750 2833; x_wconf 87' lang='lat' dir='ltr'><strong>consideratione</strong></span> <span class='ocrx_word' id='word_1_157' title='bbox 764 2770 861 2851; x_wconf 89' lang='lat' dir='ltr'><strong>apud</strong></span> <span class='ocrx_word' id='word_1_158' title='bbox 876 2777 1023 2833; x_wconf 86' lang='lat' dir='ltr'><strong>exteras</strong></span> <span class='ocrx_word' id='word_1_159' title='bbox 1042 2769 1208 2833; x_wconf 88' lang='lat' dir='ltr'><strong>nationes</strong></span> 
     </span>
     <span class='ocr_line' id='line_1_24' title="bbox 10 2855 1208 2958; baseline 0.009 -29"><span class='ocrx_word' id='word_1_160' title='bbox 10 2855 11 2944; x_wconf 77' lang='lat'><em>]</em></span> <span class='ocrx_word' id='word_1_161' title='bbox 94 2865 213 2937; x_wconf 88' lang='lat' dir='ltr'><strong>haberi</strong></span> <span class='ocrx_word' id='word_1_162' title='bbox 231 2879 395 2956; x_wconf 84' lang='lat' dir='ltr'><strong>possunt:</strong></span> <span class='ocrx_word' id='word_1_163' title='bbox 411 2875 507 2956; x_wconf 89' lang='lat' dir='ltr'><strong>hinc,</strong></span> <span class='ocrx_word' id='word_1_164' title='bbox 524 2893 604 2938; x_wconf 90' lang='lat' dir='ltr'><strong>cum</strong></span> <span class='ocrx_word' id='word_1_165' title='bbox 621 2879 750 2956; x_wconf 88' lang='lat' dir='ltr'><strong>gentes</strong></span> <span class='ocrx_word' id='word_1_166' title='bbox 766 2876 891 2940; x_wconf 88' lang='lat' dir='ltr'><strong>intres</strong></span> <span class='ocrx_word' id='word_1_167' title='bbox 910 2894 1060 2958; x_wconf 85' lang='lat' dir='ltr'><strong>magnas</strong></span> <span class='ocrx_word' id='word_1_168' title='bbox 1077 2893 1208 2958; x_wconf 88' lang='lat' dir='ltr'><strong>aggru·</strong></span> 
     </span>
     <span class='ocr_line' id='line_1_25' title="bbox 95 2977 1204 3064; baseline 0.007 -26"><span class='ocrx_word' id='word_1_169' title='bbox 95 2977 253 3053; x_wconf 85' lang='lat' dir='ltr'><strong>pationes</strong></span> <span class='ocrx_word' id='word_1_170' title='bbox 266 2997 331 3044; x_wconf 89' lang='lat' dir='ltr'><strong>seu</strong></span> <span class='ocrx_word' id='word_1_171' title='bbox 345 2981 481 3044; x_wconf 83' lang='lat' dir='ltr'><strong>classes</strong></span> <span class='ocrx_word' id='word_1_172' title='bbox 515 2982 650 3062; x_wconf 84' lang='lat' dir='ltr'><strong>passim</strong></span> <span class='ocrx_word' id='word_1_173' title='bbox 683 2981 856 3064; x_wconf 86' lang='lat' dir='ltr'><strong>distingui</strong></span> <span class='ocrx_word' id='word_1_174' title='bbox 887 2983 1042 3063; x_wconf 84' lang='lat' dir='ltr'><strong>soleant,</strong></span> <span class='ocrx_word' id='word_1_175' title='bbox 1062 3000 1204 3064; x_wconf 90' lang='lat' dir='ltr'><strong>nempe,</strong></span> 
     </span>
     <span class='ocr_line' id='line_1_26' title="bbox 94 3077 1208 3171; baseline 0.004 -27"><span class='ocrx_word' id='word_1_176' title='bbox 94 3077 127 3144; x_wconf 86' lang='lat' dir='ltr'><strong>in</strong></span> <span class='ocrx_word' id='word_1_177' title='bbox 138 3087 266 3168; x_wconf 86' lang='lat' dir='ltr'><strong>cultas,</strong></span> <span class='ocrx_word' id='word_1_178' title='bbox 286 3087 463 3150; x_wconf 84' lang='lat' dir='ltr'><strong>barbaras</strong></span> <span class='ocrx_word' id='word_1_179' title='bbox 482 3093 544 3150; x_wconf 86' lang='lat' dir='ltr'><strong>eut</strong></span> <span class='ocrx_word' id='word_1_180' title='bbox 559 3087 783 3152; x_wconf 89' lang='lat' dir='ltr'><strong>semi-cultas</strong></span> <span class='ocrx_word' id='word_1_181' title='bbox 808 3095 844 3152; x_wconf 91' lang='lat' dir='ltr'><strong>et</strong></span> <span class='ocrx_word' id='word_1_182' title='bbox 872 3105 1020 3171; x_wconf 90' lang='lat' dir='ltr'><strong>prorsus</strong></span> <span class='ocrx_word' id='word_1_183' title='bbox 1052 3089 1208 3151; x_wconf 88' lang='lat' dir='ltr'><strong>incultas</strong></span> 
     </span>
     <span class='ocr_line' id='line_1_27' title="bbox 96 3194 1209 3276; baseline 0.007 -28"><span class='ocrx_word' id='word_1_184' title='bbox 96 3203 151 3255; x_wconf 85' lang='lat' dir='ltr'><strong>seu</strong></span> <span class='ocrx_word' id='word_1_185' title='bbox 167 3194 370 3274; x_wconf 85' lang='lat' dir='ltr'><strong>silvaticas,</strong></span> <span class='ocrx_word' id='word_1_186' title='bbox 387 3201 486 3257; x_wconf 90' lang='lat' dir='ltr'><strong>recte</strong></span> <span class='ocrx_word' id='word_1_187' title='bbox 503 3195 666 3276; x_wconf 81' lang='lat' dir='ltr'><strong>exsurgit</strong></span> <span class='ocrx_word' id='word_1_188' title='bbox 684 3194 819 3276; x_wconf 87' lang='lat' dir='ltr'><strong>triplex</strong></span> <span class='ocrx_word' id='word_1_189' title='bbox 834 3196 1033 3276; x_wconf 90' lang='lat' dir='ltr'><strong>recognitio</strong></span> <span class='ocrx_word' id='word_1_190' title='bbox 1059 3194 1209 3276; x_wconf 88' lang='lat' dir='ltr'><strong>politica</strong></span> 
     </span>
     <span class='ocr_line' id='line_1_28' title="bbox 97 3299 1208 3386; baseline 0.005 -28"><span class='ocrx_word' id='word_1_191' title='bbox 97 3310 154 3371; x_wconf 88' lang='lat' dir='ltr'><strong>pro</strong></span> <span class='ocrx_word' id='word_1_192' title='bbox 172 3300 321 3364; x_wconf 87' lang='lat' dir='ltr'><strong>diversa</strong></span> <span class='ocrx_word' id='word_1_193' title='bbox 335 3299 542 3364; x_wconf 91' lang='lat' dir='ltr'><strong>conditione</strong></span> <span class='ocrx_word' id='word_1_194' title='bbox 560 3302 763 3381; x_wconf 89' lang='lat' dir='ltr'><strong>civilitatis,</strong></span> <span class='ocrx_word' id='word_1_195' title='bbox 773 3303 895 3386; x_wconf 77' lang='lat' dir='ltr'><strong>plena,</strong></span> <span class='ocrx_word' id='word_1_196' title='bbox 905 3302 1077 3384; x_wconf 68' lang='lat' dir='ltr'><strong>partialis</strong></span> <span class='ocrx_word' id='word_1_197' title='bbox 1090 3304 1125 3363; x_wconf 89' lang='lat' dir='ltr'><strong>et</strong></span> <span class='ocrx_word' id='word_1_198' title='bbox 1139 3317 1208 3364; x_wconf 92' lang='lat' dir='ltr'><strong>me·</strong></span> 
     </span>
     <span class='ocr_line' id='line_1_29' title="bbox 96 3405 1208 3489; baseline 0.004 -25"><span class='ocrx_word' id='word_1_199' title='bbox 96 3415 130 3464; x_wconf 85' lang='lat' dir='ltr'><strong>re</strong></span> <span class='ocrx_word' id='word_1_200' title='bbox 144 3407 334 3488; x_wconf 58' lang='lat' dir='ltr'><strong>accuratim</strong></span> <span class='ocrx_word' id='word_1_201' title='bbox 348 3407 407 3488; x_wconf 88' lang='lat' dir='ltr'><strong>jus</strong></span> <span class='ocrx_word' id='word_1_202' title='bbox 423 3407 545 3488; x_wconf 88' lang='lat' dir='ltr'><strong>itaque</strong></span> <span class='ocrx_word' id='word_1_203' title='bbox 559 3407 606 3470; x_wconf 85' lang='lat' dir='ltr'><strong>ad</strong></span> <span class='ocrx_word' id='word_1_204' title='bbox 624 3408 770 3489; x_wconf 84' lang='lat' dir='ltr'><strong>plenam</strong></span> <span class='ocrx_word' id='word_1_205' title='bbox 788 3407 1073 3488; x_wconf 85' lang='lat' dir='ltr'><strong>recognitionem</strong></span> <span class='ocrx_word' id='word_1_206' title='bbox 1090 3405 1208 3487; x_wconf 89' lang='lat' dir='ltr'><strong>politi·</strong></span> 
     </span>
     <span class='ocr_line' id='line_1_30' title="bbox 97 3513 1209 3596; baseline 0.003 -22"><span class='ocrx_word' id='word_1_207' title='bbox 97 3523 167 3577; x_wconf 84' lang='lat' dir='ltr'><strong>cam</strong></span> <span class='ocrx_word' id='word_1_208' title='bbox 198 3515 337 3578; x_wconf 82' lang='lat' dir='ltr'><strong>habent</strong></span> <span class='ocrx_word' id='word_1_209' title='bbox 369 3513 461 3578; x_wconf 85' lang='lat' dir='ltr'><strong>Stati</strong></span> <span class='ocrx_word' id='word_1_210' title='bbox 491 3515 661 3596; x_wconf 84' lang='lat' dir='ltr'><strong>Europei,</strong></span> <span class='ocrx_word' id='word_1_211' title='bbox 697 3514 869 3579; x_wconf 87' lang='lat' dir='ltr'><strong>Coloniae</strong></span> <span class='ocrx_word' id='word_1_212' title='bbox 904 3514 1109 3578; x_wconf 89' lang='lat' dir='ltr'><strong>eorumdem</strong></span> <span class='ocrx_word' id='word_1_213' title='bbox 1144 3531 1209 3595; x_wconf 91' lang='lat' dir='ltr'><strong>per</strong></span> 
     </span>
     <span class='ocr_line' id='line_1_31' title="bbox 95 3611 1207 3703; baseline 0.004 -25"><span class='ocrx_word' id='word_1_214' title='bbox 95 3611 224 3685; x_wconf 88' lang='lat' dir='ltr'><strong>incolas</strong></span> <span class='ocrx_word' id='word_1_215' title='bbox 238 3638 418 3702; x_wconf 89' lang='lat' dir='ltr'><strong>europeos</strong></span> <span class='ocrx_word' id='word_1_216' title='bbox 437 3621 496 3684; x_wconf 92' lang='lat' dir='ltr'><strong>vel</strong></span> <span class='ocrx_word' id='word_1_217' title='bbox 513 3621 672 3702; x_wconf 88' lang='lat' dir='ltr'><strong>ipsorum</strong></span> <span class='ocrx_word' id='word_1_218' title='bbox 691 3621 900 3703; x_wconf 87' lang='lat' dir='ltr'><strong>progeniem</strong></span> <span class='ocrx_word' id='word_1_219' title='bbox 921 3625 1134 3701; x_wconf 82' lang='lat' dir='ltr'><strong>occupatae3</strong></span> <span class='ocrx_word' id='word_1_220' title='bbox 1155 3637 1207 3683; x_wconf 87' lang='lat' dir='ltr'><strong>re·</strong></span> 
     </span>
     <span class='ocr_line' id='line_1_32' title="bbox 96 3725 1210 3808; baseline 0.004 -24"><span class='ocrx_word' id='word_1_221' title='bbox 96 3727 295 3806; x_wconf 88' lang='lat' dir='ltr'><strong>cognitione</strong></span> <span class='ocrx_word' id='word_1_222' title='bbox 309 3727 458 3808; x_wconf 89' lang='lat' dir='ltr'><strong>politica</strong></span> <span class='ocrx_word' id='word_1_223' title='bbox 482 3725 630 3808; x_wconf 92' lang='lat' dir='ltr'><strong>partiali</strong></span> <span class='ocrx_word' id='word_1_224' title='bbox 655 3727 794 3808; x_wconf 91' lang='lat' dir='ltr'><strong>pollent</strong></span> <span class='ocrx_word' id='word_1_225' title='bbox 819 3725 976 3790; x_wconf 83' lang='lat' dir='ltr'><strong>Turchia</strong></span> <span class='ocrx_word' id='word_1_226' title='bbox 1001 3725 1154 3790; x_wconf 87' lang='lat' dir='ltr'><strong>asiatica</strong></span> <span class='ocrx_word' id='word_1_227' title='bbox 1174 3731 1210 3790; x_wconf 90' lang='lat' dir='ltr'><strong>et</strong></span> 
     </span>
     <span class='ocr_line' id='line_1_33' title="bbox 96 3831 1208 3915; baseline 0.002 -23"><span class='ocrx_word' id='word_1_228' title='bbox 96 3842 260 3915; x_wconf 82' lang='lat' dir='ltr'><strong>europea,</strong></span> <span class='ocrx_word' id='word_1_229' title='bbox 280 3833 426 3914; x_wconf 86' lang='lat' dir='ltr'><strong>quidam</strong></span> <span class='ocrx_word' id='word_1_230' title='bbox 442 3831 564 3896; x_wconf 89' lang='lat' dir='ltr'><strong>Status</strong></span> <span class='ocrx_word' id='word_1_231' title='bbox 582 3833 746 3896; x_wconf 91' lang='lat' dir='ltr'><strong>historici</strong></span> <span class='ocrx_word' id='word_1_232' title='bbox 763 3832 873 3896; x_wconf 84' lang='lat' dir='ltr'><strong>Asiae</strong></span> <span class='ocrx_word' id='word_1_233' title='bbox 890 3832 1008 3895; x_wconf 84' lang='lat' dir='ltr'><strong>adhuc</strong></span> <span class='ocrx_word' id='word_1_234' title='bbox 1037 3832 1208 3912; x_wconf 90' lang='lat' dir='ltr'><strong>indepen-</strong></span> 
     </span>
     <span class='ocr_line' id='line_1_34' title="bbox 97 3932 1210 4022; baseline 0.003 -26"><span class='ocrx_word' id='word_1_235' title='bbox 97 3932 213 4004; x_wconf 89' lang='lat' dir='ltr'><strong>dentes</strong></span> <span class='ocrx_word' id='word_1_236' title='bbox 242 3939 359 4003; x_wconf 88' lang='lat' dir='ltr'><strong>veluti</strong></span> <span class='ocrx_word' id='word_1_237' title='bbox 389 3937 527 4019; x_wconf 89' lang='lat' dir='ltr'><strong>Persia,</strong></span> <span class='ocrx_word' id='word_1_238' title='bbox 560 3939 730 4022; x_wconf 85' lang='lat' dir='ltr'><strong>Japonia,</strong></span> <span class='ocrx_word' id='word_1_239' title='bbox 766 3939 961 4021; x_wconf 91' lang='lat' dir='ltr'><strong>Imperium</strong></span> <span class='ocrx_word' id='word_1_240' title='bbox 994 3935 1143 4001; x_wconf 89' lang='lat' dir='ltr'><strong>Sinense</strong></span> <span class='ocrx_word' id='word_1_241' title='bbox 1173 3941 1210 4000; x_wconf 90' lang='lat' dir='ltr'><strong>et</strong></span> 
     </span>
     <span class='ocr_line' id='line_1_35' title="bbox 42 4036 1209 4127; baseline -0.002 -19"><span class='ocrx_word' id='word_1_242' title='bbox 42 4069 45 4080; x_wconf 89' lang='lat'>·</span> <span class='ocrx_word' id='word_1_243' title='bbox 96 4036 250 4127; x_wconf 83' lang='lat' dir='ltr'><strong>Regnum</strong></span> <span class='ocrx_word' id='word_1_244' title='bbox 263 4043 435 4126; x_wconf 89' lang='lat' dir='ltr'><strong>Siamum;</strong></span> <span class='ocrx_word' id='word_1_245' title='bbox 454 4045 654 4127; x_wconf 90' lang='lat' dir='ltr'><strong>recognitio</strong></span> <span class='ocrx_word' id='word_1_246' title='bbox 675 4063 773 4109; x_wconf 92' lang='lat' dir='ltr'><strong>mere</strong></span> <span class='ocrx_word' id='word_1_247' title='bbox 792 4044 969 4109; x_wconf 85' lang='lat' dir='ltr'><strong>naturalis</strong></span> <span class='ocrx_word' id='word_1_248' title='bbox 994 4061 1058 4108; x_wconf 89' lang='lat' dir='ltr'><strong>seu</strong></span> <span class='ocrx_word' id='word_1_249' title='bbox 1087 4043 1209 4106; x_wconf 91' lang='lat' dir='ltr'><strong>hnma-</strong></span> 
     </span>
     <span class='ocr_line' id='line_1_36' title="bbox 97 4149 1210 4232; baseline 0.004 -25"><span class='ocrx_word' id='word_1_250' title='bbox 97 4159 138 4211; x_wconf 89' lang='lat' dir='ltr'><strong>na</strong></span> <span class='ocrx_word' id='word_1_251' title='bbox 151 4149 294 4232; x_wconf 88' lang='lat' dir='ltr'><strong>populis</strong></span> <span class='ocrx_word' id='word_1_252' title='bbox 310 4149 457 4214; x_wconf 90' lang='lat' dir='ltr'><strong>incultis</strong></span> <span class='ocrx_word' id='word_1_253' title='bbox 478 4151 662 4232; x_wconf 90' lang='lat' dir='ltr'><strong>competit,</strong></span> <span class='ocrx_word' id='word_1_254' title='bbox 697 4151 783 4232; x_wconf 89' lang='lat' dir='ltr'><strong>&#39;quia</strong></span> <span class='ocrx_word' id='word_1_255' title='bbox 800 4151 910 4213; x_wconf 88' lang='lat' dir='ltr'><strong>etiam</strong></span> <span class='ocrx_word' id='word_1_256' title='bbox 927 4155 1070 4230; x_wconf 72' lang='lat' dir='ltr'><strong>vgentes</strong></span> <span class='ocrx_word' id='word_1_257' title='bbox 1103 4149 1210 4213; x_wconf 89' lang='lat' dir='ltr'><strong>silve·</strong></span> 
     </span>
     <span class='ocr_line' id='line_1_37' title="bbox 99 4255 1209 4338; baseline 0.003 -23"><span class='ocrx_word' id='word_1_258' title='bbox 99 4258 184 4320; x_wconf 79' lang='lat' dir='ltr'><strong>sues</strong></span> <span class='ocrx_word' id='word_1_259' title='bbox 205 4255 286 4320; x_wconf 89' lang='lat' dir='ltr'><strong>Juri</strong></span> <span class='ocrx_word' id='word_1_260' title='bbox 318 4255 485 4321; x_wconf 85' lang='lat' dir='ltr'><strong>Naturali</strong></span> <span class='ocrx_word' id='word_1_261' title='bbox 513 4257 703 4338; x_wconf 79' lang='lat' dir='ltr'><strong>subjacent</strong></span> <span class='ocrx_word' id='word_1_262' title='bbox 722 4257 871 4338; x_wconf 87' lang='lat' dir='ltr'><strong>ejusque</strong></span> <span class='ocrx_word' id='word_1_263' title='bbox 900 4256 1209 4338; x_wconf 90' lang='lat' dir='ltr'><strong>praescriptiones</strong></span> 
     </span>
    </p>
   </div>
   <div class='ocr_carea' id='block_1_5' title="bbox 0 0 1520 4992">
    <p class='ocr_par' dir='ltr' id='par_1_5' title="bbox 0 0 1520 4992">
     <span class='ocr_line' id='line_1_38' title="bbox 0 0 1520 4992; baseline 0 0"><span class='ocrx_word' id='word_1_264' title='bbox 0 0 1520 4992; x_wconf 95' lang='lat' dir='ltr'><strong> </strong></span> 
     </span>
    </p>
   </div>
  </div>
 </body>
</html>
