3058 4994
805 363 981 421 ,458-

332 507 462 589 guiti03
486 506 632 588 etenim,
651 507 764 572 semel
782 507 1013 572 contentione
1027 506 1128 572 linita
1161 511 1198 570 et
1229 511 1352 570 mutua
1368 523 1445 570 con·

333 613 459 680 cordio
477 614 571 678 inter
589 612 712 678 Status
730 613 966 694 confligentes
983 613 1201 693 restabilita,
1219 617 1255 677 et
1274 629 1446 694 personae

333 720 505 784 detentae
521 719 694 784 libertate
707 718 901 796 donantur,
930 723 967 784 et
982 735 1042 784 res
1057 736 1121 784 seu
1140 719 1382 800 proprietates
1397 737 1446 784 se

333 833 546 910 questratae
563 827 702 891 nationi
720 825 920 890 offendenti
945 825 1197 906 restituuntur,
1216 843 1358 892 necnon
1390 844 1446 890 na·
1508 853 1509 874 2

334 934 435 1016 rigia
453 940 562 1016 copta
579 933 696 998 denuo
714 932 954 998 dimittuntur.

426 1041 501 1104 127.
520 1041 727 1104 Postremus
752 1057 922 1104 recursus
955 1055 1147 1120 processus
1179 1039 1331 1104 violenti
1357 1039 1446 1121 apud

334 1151 463 1229 gentes
481 1147 604 1210 usitati
629 1146 811 1228 reperitur
840 1147 877 1210 in
907 1146 1094 1226 obsidione,
1128 1161 1223 1228 quae
1248 1146 1446 1230 ¹generatim

334 1259 479 1336 sumpta
491 1253 585 1318 idem
602 1257 659 1318 est
675 1269 864 1318 accorona
877 1257 939 1316 aut
956 1253 1211 1316 circumcessio
1224 1252 1378 1333 alicujus
1391 1269 1444 1332 op·
1509 1335 1510 1344 ἵ

335 1359 422 1442 pidi,
442 1360 538 1424 arcia
556 1359 617 1422 vel
633 1359 766 1424 littoris
780 1357 1040 1441 praepediendi
1057 1375 1144 1441 ergo
1159 1359 1361 1441 quamlibet
1373 1375 1445 1422 cum

335 1467 509 1530 exteriori
522 1465 899 1530 communicationem.
1304 1455 1307 1462 ’

424 1572 569 1654 Duplex
589 1571 727 1637 obsidio
746 1571 917 1652 distingui
935 1571 1082 1650 assolet,
1102 1571 1256 1654 pacifica
1286 1576 1324 1636 et
1354 1570 1445 1635 belli-

334 1697 434 1760 cosa;
455 1680 525 1744 hac
541 1680 793 1762 praetermisa,
811 1679 945 1762 quippo
962 1679 1039 1758 eJus
1056 1675 1214 1743 studium
1231 1677 1279 1742 ad
1312 1694 1445 1760 proces-

334 1803 413 1850 sum
442 1785 765 1850 internationalem
783 1785 869 1848 belli
887 1785 1029 1866 attinet,
1054 1785 1212 1865 priorem
1229 1789 1371 1850 tantum
1387 1784 1446 1848 hcc

335 1890 416 1954 loco
446 1907 650 1955 memorare
668 1897 825 1972 oportet.
850 1887 997 1956 Obsidio
1026 1889 1192 1972 pacifica,
1222 1889 1445 1956 commercia-

334 1995 380 2060 lis
393 1997 503 2078 vulgo
520 1997 630 2077 dicta,
649 2001 803 2060 vocatur
816 1996 965 2060 ambitio
978 2013 1042 2060 seu
1056 1995 1288 2061 circumfusio
1302 1996 1444 2074 arcium,

334 2103 476 2168 urbium
505 2103 724 2168 munitarum
754 2103 814 2166 vel
858 2120 1052 2184 regnorum
1082 2104 1202 2184 gratia
1233 2101 1445 2184 impediendi

335 2227 441 2273 omne
472 2227 553 2274 cum
586 2209 747 2274 externis
775 2208 942 2292 gentibus
975 2209 1243 2289 commercium,
1262 2215 1373 2291 atque
1401 2209 1445 2271 ito
1511 2281 1512 2292 χ

334 2311 457 2378 Status
483 2313 744 2380 contendentes
773 2313 926 2396 cogendi
943 2313 990 2378 ad
1006 2321 1167 2380 mutuam
1185 2321 1222 2379 et
1249 2316 1444 2380 satisfacto·
1511 2305 1512 2310 ’

335 2421 426 2485 riam
445 2421 673 2486 solutionem.

425 2525 597 2592 Praelata
614 2528 732 2592 forma
748 2527 967 2610 processalis
980 2532 1037 2592 est
1053 2528 1161 2594 valde
1174 2545 1315 2610 recans3
1336 2528 1444 2592 novis·

334 2635 535 2699 aimeenim
560 2639 683 2699 aetate
710 2636 746 2700 in
776 2635 841 2698 Jus
873 2634 1163 2700 Interuationale
1195 2633 1345 2700 inducta
1373 2634 1442 2710 fuit,

335 2742 477 2823 epocha
493 2759 636 2825 nempe,
652 2760 724 2823 qua
742 2741 888 2823 Anglia,
904 2739 1025 2806 Gellia
1050 2750 1086 2805 et
1102 2742 1232 2808 Rusaia
1263 2743 1445 2808 occasione

334 2849 423 2912 belli
450 2847 753 2914 Graeco-Turcici
785 2867 868 2914 oras
894 2849 1092 2914 maritimas
1111 2848 1240 2914 horum
1268 2851 1445 2914 nationum

335 2955 640 3020 circumclauscre
657 2955 703 3019 ad
716 2955 923 3020 conflictum
940 2953 1147 3020 finiendum.
1401 2943 1405 2952 ’

426 3061 502 3126 128.
551 3061 753 3128 Delineatis
771 3063 897 3128 madiis
914 3063 1135 3145 coercitivis,
1155 3063 1284 3146 quibus
1317 3063 1368 3128 uti
1388 3080 1442 3125 va·

335 3171 413 3234 lent
429 3169 551 3234 Status
570 3186 635 3251 pro
652 3170 726 3233 suis
744 3170 1017 3252 quaestionibus
1033 3169 1172 3254 absque
1203 3169 1443 3234 declaratione

335 3277 424 3342 belli
441 3276 661 3358 dirimendis,
680 3277 784 3340 modo
801 3277 985 3358 inquirere
1005 3277 1123 3358 jubat,
1143 3281 1261 3342 utrum
1278 3274 1443 3358 ejusmodi

335 3383 487 3448 violenti
505 3399 674 3447 recursus
691 3383 728 3446 in
744 3382 766 3446 J
770 3400 833 3446 ure
859 3382 1138 3448 Internutionali
1162 3382 1358 3466 legitimari
1374 3399 1443 3466 pos·

334 3491 407 3554 sint
424 3490 484 3554 vel
502 3491 621 3571 potius
638 3489 837 3572 improbari
851 3488 1019 3554 debeant.

423 3597 526 3662 Nunc
554 3614 656 3678 vero,
674 3597 806 3660 solutio
833 3596 983 3677 huJusce
1014 3595 1240 3679 quaestionis
1270 3593 1375 3659 nobis
1396 3593 1446 3656 sat

334 3704 616 3783 obviavidetor3
646 3703 899 3768 controversia
927 3701 1083 3782 juridice
1116 3708 1282 3783 spectata
1320 3699 1446 3764 nullum

302 3837 306 3850 ·
332 3811 450 3876 locum
469 3809 676 3892 ambigendi
708 3809 892 3891 relinquit;
910 3809 989 3872 sine
1005 3807 1080 3872 ulla
1097 3807 1337 3874 haesitatione
1360 3821 1444 3870 asae·

334 3916 456 3982 verari
471 3923 591 3997 potest
608 3903 808 3980 recensitas
825 3915 961 3979 formas
979 3913 1180 3978 coactionis
1197 3913 1443 3978 internetione-

334 4023 379 4087 lis
396 4024 505 4086 raetis
530 4023 623 4103 juris
651 4021 841 4104 principiis
869 4020 978 4102 plone
1009 4019 1275 4102 contradicere,
1304 4019 1445 4098 ideoque

335 4129 501 4194 absolute
515 4129 696 4212 loquendo
710 4146 790 4194 esse
804 4125 1066 4208 reprobandas,
1082 4125 1217 4208 triplici
1232 4125 1443 4209 potissimum

333 4236 380 4301 de
398 4238 519 4320 capita
537 4237 588 4302 1.⁰
604 4242 804 4302 memorata
821 4233 941 4300 media
967 4234 1131 4298 violenta
1162 4237 1268 4298 actus
1292 4229 1443 4315 justitiae
