3096 4986
803 366 963 426 -52..

320 509 577 591 praestabilire
595 511 750 592 oportet:
771 509 821 574 1.⁰
839 509 939 574 aliud
962 527 1043 576 esse
1060 511 1191 592 lorum,
1210 513 1459 594 potestatem,

321 615 526 680 libertatem
543 633 608 680 seu
632 616 914 698 competentiam
931 615 1120 684 Ecclesiae
1149 615 1186 681 in
1203 617 1322 681 causis
1339 615 1455 698 spiri·

320 721 479 788 tualibus
497 727 533 787 et
549 723 657 788 rebus
674 721 867 805 religiosis,
888 721 988 786 aliud
1006 739 1094 787 vero
1123 723 1355 805 privilegium
1372 723 1460 807 fori

321 834 385 894 aut
397 829 663 911 exemptionem
678 826 900 894 clericorum
913 846 937 891 a
950 832 1132 912 potestate
1145 833 1182 894 et
1190 827 1460 910 jurisdictione

320 936 515 1016 saeculari;
545 935 808 1000 immunitatem
840 935 1126 1000 ecclesiasticam
1161 935 1282 1018 quoad
1313 953 1460 1000 causas

321 1041 529 1124 spirituales
557 1047 594 1106 et
621 1059 720 1106 mere
747 1041 1030 1125 ecclesiasticas,
1049 1058 1130 1106 esse
1149 1043 1249 1128 juria
1267 1041 1379 1106 divini
1414 1059 1456 1105 o·

321 1165 423 1212 mnes
452 1147 545 1212 ultro
564 1149 737 1228 intentum
757 1149 962 1212 sententiae
980 1153 1175 1212 versantur
1203 1149 1304 1212 circa
1319 1147 1454 1212 immu-

321 1255 471 1320 nitatem
489 1254 776 1319 ecclesiasticam
794 1255 915 1337 quoad
933 1271 991 1318 res
1020 1253 1241 1336 temporales
1259 1260 1295 1318 et
1312 1269 1459 1318 causas

321 1361 542 1440 criminales,
561 1361 674 1425 veluti
690 1361 822 1425 solutio
837 1361 1039 1426 debitorum
1057 1361 1119 1425 vel
1137 1360 1276 1443 punitio
1294 1359 1450 1424 delicto·

321 1485 412 1548 rum,
432 1485 525 1550 quae
549 1485 571 1530 a
589 1467 677 1532 viris
706 1468 978 1546 ecclesiasticis,
997 1485 1069 1532 non
1099 1475 1278 1549 quatenus
1296 1464 1454 1546 Clerici,

321 1575 385 1638 sed
398 1579 575 1656 quatenus
592 1573 755 1637 homiues
772 1574 925 1656 improbi
943 1579 1039 1654 sunt,
1056 1573 1262 1656 perpetrari
1278 1581 1455 1654 possunt,

321 1679 522 1759 quusmodi
551 1679 729 1742 habentur
758 1679 868 1760 furta,
888 1679 1093 1760 homicidia,
1125 1679 1334 1760 sacrilegia,
1357 1677 1456 1742 alia·

320 1803 390 1868 que
407 1785 442 1848 id
470 1803 596 1866 genus.
616 1784 668 1848 2.⁰
686 1785 950 1850 Auctoritatem
980 1785 1169 1850 Ecclesiae
1185 1783 1363 1867 quasdam
1382 1785 1451 1848 im·

319 1891 513 1955 munitates
541 1895 577 1955 et
605 1891 781 1972 specialia
809 1891 1004 1973 privilegia
1034 1892 1102 1956 sibi
1128 1889 1337 1956 vlndicandi
1364 1907 1456 1954 esse

320 2014 463 2080 quoque
473 1999 572 2084 jurt's
598 1999 725 2078 divior',·
742 1998 875 2060 etenim
894 1997 1060 2060 Ecclesia
1078 2014 1124 2061 ex
1141 1994 1275 2062 Christi
1303 1997 1456 2062 institu-

319 2105 417 2168 tione
434 2103 609 2168 iacultate
626 2103 740 2185 pollet
765 2121 810 2168 ea
834 2107 955 2168 omnia
983 2105 1168 2170 statuendi
1192 2109 1302 2187 atque
1320 2103 1455 2169 decer·

319 2209 441 2290 nendi,
461 2209 604 2291 quaein
621 2209 798 2274 societate
817 2209 1016 2274 christiana
1033 2211 1244 2277 necessaria
1261 2211 1322 2274 vel
1340 2211 1457 2274 utilia

320 2323 403 2379 sunt
420 2315 465 2378 ad
483 2317 560 2396 ejus
577 2315 657 2378 linis
674 2316 952 2380 assecutionem.
973 2316 1451 2384 3.⁰1mmunitatemeeele-

320 2421 518 2502 siasticam,
553 2437 802 2504 quaecumque
834 2425 1016 2487 sententia
1048 2424 1305 2506 amplectatur,
1337 2422 1455 2502 juxta
1536 2457 1537 2471 κ

320 2528 526 2590 unanimem
546 2527 701 2590 omnium
718 2543 945 2608 consensum,
962 2547 1146 2612 nunquam
1163 2547 1270 2612 posse
1288 2531 1450 2612 aboleri,

321 2630 493 2711 abrogari
521 2631 580 2694 vel
612 2633 755 2712 penitus
784 2633 874 2714 tolli,
905 2635 1001 2716 quia,
1034 2641 1072 2699 ut
1101 2637 1153 2700 ait
1183 2636 1454 2703 celeberrimus

320 2735 520 2818 Episcopus
538 2735 767 2818 Segobiensis
785 2737 945 2804 Didacus
962 2739 1222 2824 Govarruvias,
1244 2742 1354 2808 “utile
1369 2747 1454 2828 qui·

321 2841 401 2905 dem
431 2849 486 2905 est
503 2849 539 2906 et
556 2841 712 2925 denique
729 2847 975 2910 necessarium
1000 2847 1047 2910 ad
1063 2848 1213 2913 liberius
1242 2854 1280 2914 et
1308 2851 1454 2916 rectius

320 2947 595 3012 ministrandum
612 2948 798 3031 Ecclesiis,
818 2951 913 3032 quod
931 2951 1062 3018 Clerici
1088 2959 1266 3020 eteorum
1294 2975 1355 3021 res
1373 2959 1455 3024 sint

320 3073 342 3118 a
366 3053 549 3135 judicibus
577 3055 826 3120 saecularibus
859 3057 1047 3140 immunes,
1078 3061 1294 3142 praesertim
1324 3081 1372 3127 ex
1405 3082 1453 3129 eo

320 3162 416 3243 quod
434 3161 524 3225 baec
541 3161 748 3224 immunitas
766 3163 960 3228 maximam
990 3165 1166 3248 originem
1185 3167 1296 3232 ducat
1314 3188 1336 3232 a
1355 3169 1450 3234 divi·

319 3268 376 3332 nis
394 3267 536 3332 Veteris
553 3265 777 3330 Testamenti
794 3268 1090 3352 institutionibus,
1106 3291 1129 3336 a
1145 3271 1362 3339 Sanctorum
1381 3275 1452 3340 Pa·

319 3376 413 3436 trum
426 3371 1451 3460 testimoniis,apublioisquelmperatorumquorumdam

320 3479 626 3560 concessionibus,
646 3487 684 3542 ut
714 3480 859 3544 tandem
878 3463 974 3546 totus
1003 3483 1080 3548 iero
1105 3485 1204 3549 orbis
1224 3487 1453 3554 christianus

319 3584 357 3647 in
375 3584 468 3646 banc
485 3585 752 3666 exemptionem
778 3593 927 3668 propter
944 3589 1127 3670 publicam
1145 3593 1343 3658 utilitatem
1361 3613 1451 3660 con-

319 3687 495 3770 senserit„
512 3690 573 3766 (1).

410 3792 650 3873 Quamobrem
675 3794 758 3860 Pius
786 3796 837 3860 IX
866 3797 902 3861 in
925 3797 1074 3880 Syllabo
1093 3803 1283 3871 damnavit
1312 3826 1448 3892 propo·

320 3899 470 3963 sitiones
499 3899 621 3962 XXXI
650 3903 687 3962 et
716 3900 857 3966 XXXII
889 3913 1096 3974 asserentes
1123 3913 1346 3979 abolitionem
1371 3918 1451 4003 sori

390 4251 428 4314 (l)
466 4245 575 4315 Quaeri.
588 4245 681 4303 Praei.
694 4265 753 4318 cap.
769 4247 879 4322 XXIII,
889 4271 965 4310 num.
978 4261 1003 4313 8.
