3038 4994
750 349 929 410 ..243-

276 511 405 560 verum
430 494 541 560 etlam
565 495 873 560 continuationem
902 511 967 558 seu
995 491 1234 558 retentionem
1250 490 1404 574 provin·
1508 497 1509 522 ³

278 601 429 682 ciarum,
455 619 549 684 quae
580 606 709 668 contra
732 602 792 684 jus
824 617 931 665 omne
962 599 1143 680 naturale,
1169 597 1333 662 divinum
1365 599 1406 659 et

278 707 565 773 ecclesiasticum
584 711 783 791 usurpatae
800 711 896 772 sunt.
1508 697 1509 790 ζ

367 813 420 876 2.⁰
475 813 712 898 Summopere
742 814 858 880 refert
890 811 1027 878 directe
1060 813 1254 894 impetere,
1290 809 1405 891 plane

279 921 470 986 confutare
486 927 596 1004 atque
619 921 781 986 funditus
805 927 973 986 evertere
1002 920 1183 984 funestam
1210 934 1256 981 ac
1272 916 1405 981 exitia·

278 1026 351 1092 lem
365 1026 543 1092 theoriam
557 1029 732 1113 foetorum
748 1034 1060 1094 consummatorum
1081 1025 1220 1090 recenti
1237 1027 1363 1088 aetate
1381 1039 1406 1086 a

279 1132 540 1216 perduellibus,
560 1133 724 1198 factiosis
743 1139 781 1198 et
797 1131 1338 1216 depraedatoribusinvectam,
1357 1127 1408 1192 ad
1508 1121 1509 1196 l

279 1238 495 1304 firmandum
522 1240 767 1322 tuendumque
794 1239 925 1304 Italiae
956 1256 1121 1328 regnum,
1149 1255 1192 1302 eo
1222 1234 1320 1318 quod
1348 1234 1409 1300 sin
1508 1243 1509 1320 ξ

280 1345 398 1409 minue
411 1347 506 1427 jure,
525 1345 623 1410 iacto
641 1347 772 1411 saltem
790 1363 906 1427 eoque
923 1345 1104 1427 completo
1126 1345 1203 1425 jam
1230 1342 1408 1407 constitu-

280 1459 357 1514 tum
381 1459 449 1532 est;
468 1467 537 1533 age
561 1453 638 1532 jam
668 1451 844 1534 ejusmodi
872 1451 1013 1516 theoria
1043 1451 1206 1532 qualibet
1222 1448 1260 1512 vi
1287 1451 1407 1526 caret,
1508 1493 1509 1540 ,

280 1556 444 1621 falsitate
468 1557 625 1638 laborat,
644 1558 752 1622 immo
771 1575 859 1623 vero
889 1559 999 1640 plane
1028 1556 1187 1620 absurda
1215 1553 1342 1620 evadit
1359 1552 1410 1616 ad

282 1663 531 1746 quaestionem
567 1681 757 1729 romanam
792 1665 992 1746 applicata3
1028 1663 1162 1728 etenim
1197 1661 1411 1744 praefatum
1508 1653 1509 1676 ³

281 1770 499 1852 principium
524 1771 569 1835 ad
593 1789 769 1836 summum
787 1770 951 1836 valorem
977 1771 1136 1853 aliquem
1160 1769 1356 1850 obtineret,
1376 1767 1411 1831 sl

283 1881 454 1956 ageretur
472 1876 517 1940 de
530 1877 672 1958 juribus
692 1877 822 1959 dubiis,
841 1877 878 1940 in
903 1878 1055 1958 ancipiti
1072 1875 1212 1957 positis,
1232 1880 1343 1957 atque
1361 1889 1412 1938 ex
1508 1935 1509 1948 ,

283 1999 436 2064 quorum
452 1983 652 2064 rejectione
669 1983 802 2048 damna
819 2001 935 2066 eaque
952 1983 1126 2066 graviora
1143 1987 1218 2046 tum
1234 1981 1412 2064 reipubli-

283 2104 350 2152 cae
378 2093 414 2152 et
444 2089 624 2172 societati,
645 2097 719 2156 tum
752 2090 920 2172 religioni
952 2090 1202 2172 provenirent,
1221 2105 1413 2170 nunquam

284 2201 417 2278 autern,
437 2214 518 2262 cum
535 2197 579 2262 de
596 2215 637 2262 re
660 2199 697 2262 in
713 2216 752 2262 se
781 2199 916 2280 injusta
932 2202 969 2262 et
996 2199 1122 2280 iniqua
1138 2215 1257 2261 sermo
1274 2200 1345 2261 est.
1365 2194 1413 2259 nt

284 2303 441 2386 quidem,
460 2306 491 2368 si
515 2304 658 2370 theoria
670 2307 760 2390 facti
777 2307 906 2390 ecplett
930 2315 962 2370 et
989 2304 1217 2370 consummati
1244 2320 1312 2384 pro
1331 2304 1413 2366 vin-

285 2409 439 2474 dicando
457 2411 593 2475 actuali
622 2411 779 2475 nationis
807 2411 954 2476 italicae
971 2411 1230 2476 constitutione
1258 2409 1413 2472 invoca-

284 2520 397 2596 retur,
417 2517 624 2581 necessaria
654 2522 691 2580 et
707 2517 827 2599 logica
844 2516 1060 2580 deductione
1077 2520 1200 2580 essent
1217 2513 1412 2578 admitten-

285 2621 333 2685 da
359 2622 437 2685 fere
464 2623 654 2686 innumera
669 2623 769 2687 lacta
793 2623 941 2704 expleta
966 2628 1003 2686 et
1029 2625 1293 2701 consummata,
1313 2638 1413 2702 quae

286 2733 408 2790 tamen
426 2745 550 2792 omnes
574 2733 758 2810 tamquam
787 2730 923 2812 iniqua,
943 2728 1148 2792 immoralia
1172 2731 1210 2790 et
1226 2726 1413 2790 subversi·

286 2833 336 2898 'ra
363 2832 537 2896 damnant
560 2849 605 2896 ac
621 2835 802 2917 rejiciunt3
822 2835 935 2899 semel
964 2835 1193 2916 proclamata
1221 2837 1260 2896 et
1283 2833 1416 2914 agnita

287 2940 493 3023 perniciosa
506 2940 684 3005 factorum
698 2949 1029 3006 consummatorum
1043 2939 1198 3020 theoria,
1215 2957 1325 3020 quam
1340 2938 1416 3002 Ita·

286 3045 477 3112 lianissimi
495 3047 704 3128 caeterique
732 3047 960 3112 liberaliores
984 3047 1148 3111 homines
1165 3051 1219 3109 tot
1242 3045 1416 3110 laudibus
1508 3061 1509 3088 ¹

287 3152 514 3235 praedicant,
541 3169 631 3234 opus
656 3155 752 3218 foret
783 3154 833 3216 uti
862 3153 1025 3235 legitima
1054 3169 1322 3234 recognoscere
1352 3155 1417 3215 aut
1508 3193 1509 3218 r

288 3259 418 3322 saltem
438 3259 596 3324 tolerare
614 3259 871 3340 idololatriam,
891 3260 1220 3339 mahumetismnm,
1239 3257 1417 3322 haereses

289 3367 446 3430 omnium
464 3366 705 3446 saeculorum,
724 3365 933 3448 religiosam
958 3367 1179 3447 libertatern,
1195 3365 1418 3430 atheismum
1508 3365 1509 3370 ’

289 3473 509 3557 practicum,
544 3475 739 3538 societates
771 3479 932 3538 secretas
965 3475 1074 3537 toties
1107 3471 1318 3552 damnatas,
1354 3470 1418 3536 vel

290 3579 400 3643 etiam
418 3585 546 3643 contra
562 3581 744 3661 publicam
761 3579 990 3644 honestatem
1007 3585 1044 3642 et
1060 3578 1226 3643 ordinem
1238 3578 1418 3642 socialem
1508 3649 1509 3658 χ

290 3685 497 3763 latrocinia,
524 3684 716 3767 adulteria,
742 3685 949 3766 homicidia,
969 3686 1116 3768 aliaque
1145 3684 1325 3766 ejusmodi
1354 3685 1417 3748 fla·

290 3791 392 3874 gitis,
412 3809 505 3872 quae
522 3791 671 3855 totidem
695 3795 779 3854 sunt
806 3792 907 3855 iacta
924 3792 1106 3873 completa
1124 3795 1162 3855 et
1189 3807 1420 3855 cousumma-

291 3903 342 3962 ta.
361 3899 473 3963 Nemo
502 3899 612 3980 igitur
630 3899 761 3980 estqui
778 3917 850 3962 non
867 3899 992 3963 videat
1018 3916 1126 3980 quam
1144 3917 1167 3961 a
1185 3903 1288 3962 recta
1306 3899 1418 3962 ratio·

290 4023 337 4069 ne
370 4011 406 4069 et
437 4005 596 4068 naturali
625 4005 768 4085 jnstitia
795 4007 934 4070 absona
964 4023 1045 4069 esse
1073 4004 1166 4069 baec
1195 4005 1420 4086 pravissima

293 4111 532 4174 consectaria.

382 4213 434 4278 3.⁰
479 4213 644 4297 Domum,
663 4217 848 4280 societatis
865 4217 985 4283 civilis
1003 4217 1160 4282 maxime
1178 4218 1335 4282 intereat
1352 4215 1419 4280 sub
