3096 4986
785 382 944 440 ..22-

394 527 501 608 Resp.
522 527 615 592 Diat.
633 525 866 591 antecedens:
884 525 1042 590 Interest
1057 521 1180 587 Status
1208 519 1357 585 idoneos
1383 535 1434 587 ac

305 633 535 714 exemplares
554 649 633 696 esse
650 631 837 697 Ecclesiae
855 631 1050 707 Ministros,
1071 633 1251 692 uteorum
1269 626 1433 690 ministe-

305 740 400 804 rium
432 741 524 802 bono
554 739 746 822 temporali
774 737 1004 820 procurando
1037 739 1166 802 directe
1200 733 1434 810 incumbant,

305 865 403 930 nepa·
436 851 474 908 ut
489 861 633 910 sacrum
651 845 888 910 ministerium
905 845 942 908 in
960 845 1093 910 bonurn
1111 842 1296 925 publicum
1313 849 1351 904 et
1373 857 1436 904 so-

307 951 438 1015 cialem
465 952 679 1016 felicitatem
701 953 866 1018 indirecte
892 951 1059 1015 conterat
1087 955 1238 1032 propter
1263 963 1436 1012 necessa-

307 1058 399 1122 riam
417 1059 630 1123 relationem
655 1065 693 1123 et
709 1065 846 1124 rectam
863 1059 1050 1123 felicitatis
1074 1057 1288 1140 temporalis
1305 1055 1437 1118 subor-

309 1165 530 1230 dinationem
549 1165 726 1230 advitam
758 1171 945 1230 aeternam
977 1181 1041 1228 scu
1070 1165 1178 1229 finem
1210 1177 1439 1244 supremum,

308 1291 402 1336 conc.

398 1375 443 1440 Et
456 1376 599 1459 quidem
614 1377 743 1459 cuique
761 1382 863 1458 patet
877 1377 1032 1442 osticium
1051 1375 1267 1440 indirectum
1281 1374 1344 1438 vel
1357 1371 1440 1436 eifl-

310 1483 414 1546 eaeia
432 1483 622 1562 indirecta,
642 1483 823 1566 spirituali
850 1483 1048 1546 ministerio
1078 1481 1266 1546 vinculata
1283 1481 1329 1543 ob
1350 1496 1440 1542 eon·

309 1591 502 1651 nexionem
521 1588 657 1652 ordinis
674 1589 856 1652 interioris
881 1605 961 1652 cum
992 1589 1064 1650 alio
1094 1585 1221 1650 ordine
1244 1586 1445 1667 superiore

310 1707 355 1756 ac
370 1694 604 1774 nobilissimo,
624 1711 696 1758 non
709 1693 844 1758 suflicit
860 1693 977 1758 Statui
1005 1695 1064 1756 vel
1094 1692 1254 1773 Principi
1274 1691 1446 1756 tribuere

307 1799 367 1878 Jus
385 1799 570 1881 proprium
588 1817 668 1864 sese
685 1799 909 1864 immiscendi
926 1801 962 1864 in
981 1801 1098 1881 ipsum
1114 1815 1257 1862 sacrum
1277 1799 1444 1862 ministe-

311 1903 416 1984 rium,
441 1905 479 1968 in
497 1905 660 1970 eumdem
679 1906 841 1970 ordinem
859 1907 1097 1987 superiorem,
1117 1910 1228 1987 atque
1245 1905 1282 1968 in
1308 1901 1442 1984 juridi-

312 2027 391 2074 cam
410 2013 691 2076 nominationem
709 2030 847 2094 corum,
880 2013 942 2094 qui
969 2013 1038 2076 hoc
1067 2011 1258 2093 spirituale
1277 2009 1445 2074 osticium

312 2115 349 2180 in
363 2115 528 2181 Ecclesia
545 2125 733 2198 praestare
746 2125 928 2182 tenentur.

402 2219 544 2304 Object.
563 2223 615 2288 2.·
631 2222 766 2288 civiles
784 2224 917 2304 Status,
952 2239 1150 2304 eorumque
1184 2221 1446 2286 Moderatores

312 2327 473 2409 legitimo
486 2331 569 2410 J'ure
584 2329 745 2411 gaudent
761 2330 925 2409 curandi,
941 2340 979 2393 ut
994 2331 1231 2392 instituantur
1261 2336 1299 2391 et
1328 2329 1446 2392 rebus

313 2435 571 2500 aeclesiasticis
589 2437 848 2519 praeficiantur
861 2435 1029 2505 Ministri.
1045 2435 1106 2516 qui
1125 2433 1445 2513 benevolentiam,

312 2540 522 2622 obsequium
541 2553 649 2625 atque
667 2541 899 2606 concordiam
927 2558 1017 2622 erga
1032 2541 1261 2604 saecularem
1278 2547 1447 2620 potesta-

313 2652 385 2708 tem
401 2649 606 2727 ostendant,
633 2649 777 2712 minime
794 2665 882 2712 vero
897 2648 1041 2728 jurgiis,
1061 2646 1264 2710 hostilitate
1284 2646 1344 2708 vel
1363 2645 1448 2708 ani-

313 2749 569 2816 madversione
586 2753 731 2818 civilem
749 2754 1005 2818 auctoritatem
1024 2761 1307 2834 prosequentum
1328 2753 1451 2832 igitur

314 2855 440 2920 iisdem
459 2859 632 2940 competit
648 2877 713 2940 pro
728 2865 852 2923 mutua
863 2860 1059 2922 concordia
1074 2860 1260 2940 utriusque
1279 2867 1446 2940 potcsta-

314 2960 360 3024 tis
377 2963 603 3028 asservando
620 2969 657 3028 et
672 2965 765 3028 bono
783 2963 910 3027 sociali
935 2963 1068 3026 tuendo
1087 2963 1245 3044 seligere
1277 2975 1315 3026 et
1346 2963 1444 3027 desi·
1543 2961 1544 2964 ’

314 3083 429 3148 gnare
457 3085 532 3149 eos,
566 3069 627 3150 qui
653 3086 760 3132 sacra
788 3069 1004 3133 investitura
1020 3070 1057 3132 in
1071 3068 1238 3134 Ecclesia
1271 3069 1447 3150 insigniri

316 3173 460 3238 debent.

404 3281 511 3362 Resp.
545 3281 667 3346 Status
691 3280 896 3363 Summique
928 3281 1156 3363 Imperantes
1182 3281 1265 3363 jure
1300 3282 1451 3364 pollent
1542 3361 1543 3368 ἵ

316 3389 512 3468 expetendi
539 3405 664 3452 sacros
683 3389 866 3452 ministros
884 3388 1077 3453 benevlsos
1110 3395 1147 3454 et
1182 3390 1449 3473 obsequentes,
1542 3419 1543 3426 1

317 3493 399 3556 diet.
420 3493 651 3560 antecedens:
667 3493 804 3574 jndicio
834 3493 1022 3558 Ecclesiae
1039 3503 1224 3578 tamquam
1243 3497 1448 3560 auctorita·
1542 3479 1543 3513 r

318 3597 365 3660 tis
383 3597 518 3661 ordinis
534 3601 732 3682 superioris
748 3607 858 3682 atque
872 3599 908 3662 in
926 3599 969 3662 iis
987 3617 1081 3681 quae
1103 3601 1273 3682 religioni
1290 3619 1364 3665 non
1384 3601 1449 3666 ad-

316 3711 524 3784 versantur,
534 3725 644 3786 cone.;
657 3705 794 3788 judicio
808 3707 956 3787 proprio
970 3707 1082 3786 ipsius
1095 3706 1218 3772 Status
1232 3709 1292 3772 vel
1307 3707 1452 3772 Princi-

318 3827 402 3892 pum
421 3809 603 3892 etiamque
620 3811 742 3876 inillis
756 3813 876 3891 rebus,
895 3829 988 3892 quae
1005 3813 1267 3877 conscientiam
1292 3813 1454 3878 laedunt
1541 3871 1542 3876 ,

318 3932 363 3979 ae
376 3915 562 3980 Ecclesiae
576 3917 661 3996 jura
677 3917 883 3998 vulnerant,
901 3935 995 4001 nepo.
1541 3907 1542 3910 ¹

410 4017 550 4100 ObJect.
584 4020 636 4084 3.·
662 4019 767 4102 Apud
794 4021 994 4084 catholicas
1029 4021 1195 4086 nationes
1231 4021 1366 4088 Clerici
1402 4025 1452 4090 ari
1541 4013 1542 4037 i

318 4125 579 4208 Episcopatum
595 4126 833 4208 promovendi
851 4127 912 4190 vel
943 4129 1029 4190 ante
1047 4129 1367 4194 consecrationem
1386 4131 1452 4195 vel

318 4231 430 4296 etiam
446 4230 627 4296 interdum
643 4230 680 4296 in
710 4231 788 4313 ipso
815 4233 1100 4298 consecrationis
1129 4242 1215 4298 actu
1243 4235 1453 4317 solemnem
