3062 4994
63 467 162 530 aleam
174 465 329 548 positum
346 469 401 550 est
415 465 617 548 quamlibet
634 465 890 530 auctoritatem
904 465 941 529 in
955 465 1063 530 rebus
1077 483 1166 530 suae

65 573 212 654 propriae
230 575 267 636 et
284 571 498 636 exclusisse
521 572 802 654 competentiae,
821 567 931 654 atque
955 573 1165 654 requirente

63 677 187 758 publica
219 676 391 758 utilitate,
425 679 600 760 quosdam
625 683 728 742 actus
759 695 831 742 non
866 677 970 742 modo
1002 679 1165 758 illicitos,

62 783 243 846 sedetiam
272 783 455 848 invalidos
488 783 679 848 declarare
712 801 832 866 posse;
859 784 970 866 igitur
999 783 1166 848 Ecclesia

63 895 147 953 actus
162 890 259 954 votis
278 889 466 971 oppositos
483 891 562 954 sive
581 889 802 971 illegitimos,
820 890 901 954 sive
926 889 1057 970 nullos,
1078 890 1167 970 opti·

65 994 197 1076 no'jure
213 1003 385 1077 spectare
402 995 514 1081 valet,
530 995 685 1078 ideoque
699 1000 882 1078 potestate
896 993 1032 1076 gaudet
1044 1012 1165 1076 perso·

64 1119 114 1164 nas
129 1102 319 1183 religiosas
332 1101 513 1166 inhabiles
529 1102 705 1166 reddendi
730 1107 805 1166 tum
820 1101 866 1166 ad
899 1102 1168 1166 matrimonium

63 1207 330 1272 contrahendum
343 1213 428 1272 voto
443 1209 637 1288 castitatis,
654 1213 729 1273 tum
744 1209 907 1272 adactus
925 1209 1073 1273 dominii
1088 1227 1167 1291 per-

63 1314 202 1394 agendos
221 1319 309 1379 voto
337 1316 575 1396 paupertatis,
595 1321 669 1379 tum
694 1314 850 1398 donique
883 1314 930 1378 ad
958 1333 1038 1379 sese
1076 1315 1165 1379 obli·

64 1420 182 1501 gandas
198 1425 288 1485 voto
307 1421 549 1502 obedientiae,
575 1423 709 1486 etenim
726 1423 887 1504 ipsarum
905 1423 1167 1504 promissiones

63 1527 173 1592 saltem
185 1535 272 1592 sunt
288 1547 311 1592 a
327 1530 516 1610 superiore
539 1530 748 1594 irritabiles.

135 1633 187 1698 67.
236 1635 311 1698 2:¹³¹
355 1633 589 1716 Principium.
607 1636 784 1702 Ecclesiae
801 1638 960 1722 competit
967 1640 1031 1722 jas
1055 1637 1168 1702 eccla·

63 1741 156 1804 sioum
173 1742 322 1806 Ordines
338 1749 440 1825 atque
459 1739 742 1828 Conprepctiorres
757 1744 940 1828 religiosas
953 1757 1168 1808 INSTITUEN·

64 1857 104 1926 nr,
129 1861 379 1928 transisitum,
407 1861 920 1933 monsslnni,1>1ss0nvnu1>1,
940 1853 1167 1935 quaestiones·

64 1970 114 2033 que
129 1975 239 2019 cornea
260 1954 324 2019 tac
340 1975 445 2038 saper
461 1976 500 2020 rc
517 1963 657 2021 emortus
674 1970 886 2021 emmaum.

136 2058 156 2122 J
160 2077 199 2124 us
216 2061 434 2126 instituendi.
454 2061 510 2124 Ad
524 2061 726 2126 Ecclesiam
740 2063 928 2128 exclusive
942 2063 1072 2126 attinet
1086 2081 1168 2126 con-

65 2163 195 2230 stituere
212 2165 387 2248 quidquid
420 2165 519 2230 ducit
551 2167 596 2230 ad
629 2169 955 2232 sanctificationem
984 2168 1169 2232 societatis

66 2269 281 2352 christianae;
296 2271 361 2336 sed
375 2273 552 2336 institutio
570 2275 823 2356 religiosorum
853 2273 1026 2341 Ordiuum
1044 2279 1080 2338 et
1092 2275 1168 2357 pia·

67 2393 128 2442 rum
158 2379 489 2463 Congregatiouum
507 2381 553 2445 ad
569 2383 897 2446 sanctificationem
929 2383 1045 2463 plebis
1077 2381 1169 2445 chri-

66 2487 188 2554 stianae
205 2488 315 2552 valde
331 2489 535 2568 conferunt3
551 2506 638 2570 ergo
652 2489 926 2554 ecclesiasticae
941 2489 1170 2552 auctoritatis

66 2597 110 2656 cst
123 2597 309 2678 religiosas
325 2593 593 2659 adsociationes
610 2595 779 2660 condere.
816 2595 1019 2678 Propositio
1053 2597 1171 2659 minor

68 2699 115 2762 vix
139 2701 447 2767 demonstratione
477 2701 627 2782 indiget,
647 2719 728 2767 cum
750 2703 914 2766 omuibus
942 2707 1169 2782 compertum

67 2806 104 2868 sit
117 2809 257 2873 ordines
273 2808 464 2890 religiosos
482 2809 707 2890 potissimum
725 2809 948 2891 praesidium
966 2812 1003 2872 et
1031 2825 1169 2874 voven·

68 2911 145 2978 tibus
160 2923 195 2979 et
207 2916 375 2996 integrae
391 2916 558 2979 societati
574 2921 778 2996 praestare.

139 3027 173 3102 c)
220 3023 530 3088 Profitentibusin
559 3023 684 3104 primis
703 3023 859 3086 maxime
893 3029 1056 3103 prosunt,
1087 3023 1173 3104 quia

66 3125 119 3190 sub
135 3130 313 3193 communi
329 3129 457 3210 regula
473 3136 509 3193 et
526 3129 719 3212 disciplina
736 3131 881 3194 facilius
916 3136 952 3192 et
970 3129 1080 3192 tutius
1098 3145 1172 3191 ser-

70 3239 184 3300 rantur
201 3243 290 3300 vota
307 3239 381 3299 tum
396 3237 638 3317 paupertatis,
653 3253 734 3300 cum
751 3235 918 3318 superior
935 3234 979 3298 de
1008 3233 1172 3298 omnibus

68 3336 231 3422 disponat,
247 3347 324 3406 tum
341 3341 534 3422 castitatis,
555 3359 635 3406 cum
653 3343 763 3406 etiam
778 3343 946 3406 viventes
960 3341 997 3404 in
1010 3339 1171 3418 saeculo,

68 3445 262 3512 sinttamen
279 3466 302 3511 a
318 3448 465 3512 saeculo
481 3449 677 3530 segregati,
707 3453 783 3512 tum
815 3446 1057 3526 obedientiae,
1092 3462 1174 3510 cum

68 3555 217 3634 superior
235 3553 407 3618 continuo
420 3553 542 3618 instet.

144 3662 175 3739 b)
221 3657 364 3723 Deinde
381 3659 512 3722 bonum
542 3659 732 3740 spirituale
750 3657 936 3752 societatis
953 3657 1175 3722 christianae

69 3779 282 3849 summopere
300 3772 528 3847 promovent,
550 3772 624 3830 tam
640 3767 807 3830 indirecte
825 3783 932 3848 quam
953 3767 1095 3847 directa·
1123 3767 1174 3830 io·

69 3872 194 3958 directe,
209 3875 296 3958 quia
311 3875 476 3956 integrae
492 3873 659 3938 societati
676 3891 846 3956 magnum
860 3879 970 3955 atque
986 3871 1175 3954 spectatis·

68 3979 182 4046 simum
199 3981 358 4062 virtutis,
392 3979 647 4062 abnegationis
665 3986 702 4044 ct
732 3981 938 4044 sanctitatis
969 3977 1176 4060 exemplum

72 4089 246 4164 praebent:
265 4089 405 4169 directa,
432 4089 529 4170 quia,
548 4087 701 4151 historia
719 4091 929 4167 attestante,
949 4086 1066 4164 major
1089 4101 1177 4167 pars

71 4194 318 4280 religiosorum,
336 4199 483 4278 praeter
501 4195 687 4277 propriam
708 4192 1047 4274 sanctificationem,
1066 4193 1179 4258 etiam
