<?xml version="1.0" encoding="UTF-8"?>
<!DOCTYPE html PUBLIC "-//W3C//DTD XHTML 1.0 Transitional//EN"
    "http://www.w3.org/TR/xhtml1/DTD/xhtml1-transitional.dtd">
<html xmlns="http://www.w3.org/1999/xhtml" xml:lang="en" lang="en">
 <head>
  <title>
</title>
<meta http-equiv="Content-Type" content="text/html;charset=utf-8" />
  <meta name='ocr-system' content='tesseract 3.04.00' />
  <meta name='ocr-capabilities' content='ocr_page ocr_carea ocr_par ocr_line ocrx_word'/>
</head>
<body>
  <div class='ocr_page' id='page_1' title='image "./juspublicumeccl00ferngoog_0312.png"; bbox 0 0 3028 4992; ppageno 0'>
   <div class='ocr_carea' id='block_1_1' title="bbox 541 377 721 436">
    <p class='ocr_par' dir='ltr' id='par_1_1' title="bbox 541 377 721 436">
     <span class='ocr_line' id='line_1_1' title="bbox 541 377 721 436; baseline 0.022 -6"><span class='ocrx_word' id='word_1_1' title='bbox 541 377 721 436; x_wconf 72' lang='lat'><strong>-307-</strong></span> 
     </span>
    </p>
   </div>
   <div class='ocr_carea' id='block_1_2' title="bbox 83 517 1205 4005">
    <p class='ocr_par' dir='ltr' id='par_1_2' title="bbox 84 517 1193 921">
     <span class='ocr_line' id='line_1_2' title="bbox 86 517 1193 602; baseline 0.006 -22"><span class='ocrx_word' id='word_1_2' title='bbox 86 517 160 580; x_wconf 89' lang='lat' dir='ltr'>sime</span> <span class='ocrx_word' id='word_1_3' title='bbox 183 521 392 584; x_wconf 84' lang='lat' dir='ltr'>evincamus</span> <span class='ocrx_word' id='word_1_4' title='bbox 408 520 689 602; x_wconf 86' lang='lat' dir='ltr'><strong>probationibus</strong></span> <span class='ocrx_word' id='word_1_5' title='bbox 707 537 754 584; x_wconf 85' lang='lat' dir='ltr'>ex</span> <span class='ocrx_word' id='word_1_6' title='bbox 771 519 1020 586; x_wconf 77' lang='lat' dir='ltr'>declaratione</span> <span class='ocrx_word' id='word_1_7' title='bbox 1033 520 1193 587; x_wconf 86' lang='lat' dir='ltr'>Summo-</span> 
     </span>
     <span class='ocr_line' id='line_1_3' title="bbox 87 624 1191 710; baseline 0.007 -26"><span class='ocrx_word' id='word_1_8' title='bbox 87 639 150 686; x_wconf 92' lang='lat' dir='ltr'>rum</span> <span class='ocrx_word' id='word_1_9' title='bbox 174 624 399 705; x_wconf 88' lang='lat' dir='ltr'>Pontificum,</span> <span class='ocrx_word' id='word_1_10' title='bbox 418 643 464 690; x_wconf 86' lang='lat' dir='ltr'>ex</span> <span class='ocrx_word' id='word_1_11' title='bbox 494 625 680 690; x_wconf 89' lang='lat' dir='ltr'>beneficiis</span> <span class='ocrx_word' id='word_1_12' title='bbox 708 627 797 708; x_wconf 91' lang='lat' dir='ltr'>ipsis</span> <span class='ocrx_word' id='word_1_13' title='bbox 826 626 1006 708; x_wconf 90' lang='lat' dir='ltr'>indigenis</span> <span class='ocrx_word' id='word_1_14' title='bbox 1035 628 1191 710; x_wconf 74' lang='lat' dir='ltr'>collatiS,</span> 
     </span>
     <span class='ocr_line' id='line_1_4' title="bbox 85 732 1193 817; baseline 0.007 -26"><span class='ocrx_word' id='word_1_15' title='bbox 85 737 177 812; x_wconf 87' lang='lat' dir='ltr'>atque</span> <span class='ocrx_word' id='word_1_16' title='bbox 193 750 240 796; x_wconf 90' lang='lat' dir='ltr'>ex</span> <span class='ocrx_word' id='word_1_17' title='bbox 258 734 477 796; x_wconf 84' lang='lat' dir='ltr'>necessitate</span> <span class='ocrx_word' id='word_1_18' title='bbox 503 732 683 798; x_wconf 91' lang='lat' dir='ltr'>culturam</span> <span class='ocrx_word' id='word_1_19' title='bbox 701 734 901 816; x_wconf 84' lang='lat' dir='ltr'>civilesque</span> <span class='ocrx_word' id='word_1_20' title='bbox 919 752 1038 799; x_wconf 92' lang='lat' dir='ltr'>mores</span> <span class='ocrx_word' id='word_1_21' title='bbox 1054 737 1091 798; x_wconf 90' lang='lat' dir='ltr'>in</span> <span class='ocrx_word' id='word_1_22' title='bbox 1108 753 1193 817; x_wconf 90' lang='lat' dir='ltr'>gen·</span> 
     </span>
     <span class='ocr_line' id='line_1_5' title="bbox 84 839 962 921; baseline 0.009 -24"><span class='ocrx_word' id='word_1_23' title='bbox 84 842 127 898; x_wconf 89' lang='lat' dir='ltr'>tes</span> <span class='ocrx_word' id='word_1_24' title='bbox 141 839 328 902; x_wconf 88' lang='lat' dir='ltr'>silvaticas</span> <span class='ocrx_word' id='word_1_25' title='bbox 345 849 382 902; x_wconf 92' lang='lat' dir='ltr'>et</span> <span class='ocrx_word' id='word_1_26' title='bbox 398 839 554 921; x_wconf 90' lang='lat' dir='ltr'>populos</span> <span class='ocrx_word' id='word_1_27' title='bbox 573 843 739 920; x_wconf 82' lang='lat' dir='ltr'>agrestes</span> <span class='ocrx_word' id='word_1_28' title='bbox 755 840 962 906; x_wconf 86' lang='lat' dir='ltr'>inducendi.</span> 
     </span>
    </p>

    <p class='ocr_par' dir='ltr' id='par_1_3' title="bbox 83 945 1195 1880">
     <span class='ocr_line' id='line_1_6' title="bbox 158 945 1195 1028; baseline 0.003 -21"><span class='ocrx_word' id='word_1_29' title='bbox 158 945 205 1008; x_wconf 81' lang='lat'>1.⁰</span> <span class='ocrx_word' id='word_1_30' title='bbox 254 945 448 1009; x_wconf 89' lang='lat' dir='ltr'>Pontifices</span> <span class='ocrx_word' id='word_1_31' title='bbox 481 945 631 1010; x_wconf 84' lang='lat' dir='ltr'>Maximi</span> <span class='ocrx_word' id='word_1_32' title='bbox 663 963 808 1028; x_wconf 85' lang='lat' dir='ltr'>semper</span> <span class='ocrx_word' id='word_1_33' title='bbox 841 947 1126 1028; x_wconf 84' lang='lat' dir='ltr'>proclamarunt,</span> <span class='ocrx_word' id='word_1_34' title='bbox 1157 951 1195 1011; x_wconf 91' lang='lat' dir='ltr'>et</span> 
     </span>
     <span class='ocr_line' id='line_1_7' title="bbox 83 1051 1194 1134; baseline 0.005 -22"><span class='ocrx_word' id='word_1_35' title='bbox 83 1053 253 1131; x_wconf 83' lang='lat' dir='ltr'>tamquam</span> <span class='ocrx_word' id='word_1_36' title='bbox 262 1051 457 1130; x_wconf 86' lang='lat' dir='ltr'>juridicam</span> <span class='ocrx_word' id='word_1_37' title='bbox 474 1051 641 1132; x_wconf 87' lang='lat' dir='ltr'>regulam</span> <span class='ocrx_word' id='word_1_38' title='bbox 661 1057 771 1133; x_wconf 89' lang='lat' dir='ltr'>atque</span> <span class='ocrx_word' id='word_1_39' title='bbox 790 1053 1043 1116; x_wconf 87' lang='lat' dir='ltr'>inconcussum</span> <span class='ocrx_word' id='word_1_40' title='bbox 1062 1053 1194 1134; x_wconf 90' lang='lat' dir='ltr'>princi-</span> 
     </span>
     <span class='ocr_line' id='line_1_8' title="bbox 84 1157 1195 1241; baseline 0.004 -22"><span class='ocrx_word' id='word_1_41' title='bbox 84 1157 166 1235; x_wconf 90' lang='lat' dir='ltr'>pium</span> <span class='ocrx_word' id='word_1_42' title='bbox 193 1157 443 1222; x_wconf 86' lang='lat' dir='ltr'>indesinenter</span> <span class='ocrx_word' id='word_1_43' title='bbox 467 1158 624 1240; x_wconf 86' lang='lat' dir='ltr'>professi</span> <span class='ocrx_word' id='word_1_44' title='bbox 657 1163 741 1222; x_wconf 87' lang='lat' dir='ltr'>sunt</span> <span class='ocrx_word' id='word_1_45' title='bbox 765 1159 876 1222; x_wconf 90' lang='lat' dir='ltr'>etiam</span> <span class='ocrx_word' id='word_1_46' title='bbox 904 1159 1002 1241; x_wconf 90' lang='lat' dir='ltr'>ipsos</span> <span class='ocrx_word' id='word_1_47' title='bbox 1030 1158 1195 1225; x_wconf 88' lang='lat' dir='ltr'>infideles</span> 
     </span>
     <span class='ocr_line' id='line_1_9' title="bbox 84 1264 1195 1348; baseline 0.008 -25"><span class='ocrx_word' id='word_1_48' title='bbox 84 1279 194 1326; x_wconf 89' lang='lat' dir='ltr'>verum</span> <span class='ocrx_word' id='word_1_49' title='bbox 224 1281 269 1328; x_wconf 89' lang='lat' dir='ltr'>ao</span> <span class='ocrx_word' id='word_1_50' title='bbox 298 1266 449 1347; x_wconf 92' lang='lat' dir='ltr'>proprie</span> <span class='ocrx_word' id='word_1_51' title='bbox 477 1264 613 1329; x_wconf 90' lang='lat' dir='ltr'>dictum</span> <span class='ocrx_word' id='word_1_52' title='bbox 641 1264 850 1346; x_wconf 89' lang='lat' dir='ltr'>dominium,</span> <span class='ocrx_word' id='word_1_53' title='bbox 871 1269 946 1329; x_wconf 90' lang='lat' dir='ltr'>tum</span> <span class='ocrx_word' id='word_1_54' title='bbox 978 1267 1100 1348; x_wconf 91' lang='lat' dir='ltr'>civile,</span> <span class='ocrx_word' id='word_1_55' title='bbox 1119 1271 1195 1332; x_wconf 92' lang='lat' dir='ltr'>tum</span> 
     </span>
     <span class='ocr_line' id='line_1_10' title="bbox 84 1370 1194 1454; baseline 0.006 -23"><span class='ocrx_word' id='word_1_56' title='bbox 84 1370 270 1453; x_wconf 88' lang='lat' dir='ltr'>politicum,</span> <span class='ocrx_word' id='word_1_57' title='bbox 284 1372 422 1437; x_wconf 87' lang='lat' dir='ltr'>habere</span> <span class='ocrx_word' id='word_1_58' title='bbox 441 1373 478 1434; x_wconf 92' lang='lat' dir='ltr'>in</span> <span class='ocrx_word' id='word_1_59' title='bbox 495 1390 567 1454; x_wconf 89' lang='lat' dir='ltr'>res,</span> <span class='ocrx_word' id='word_1_60' title='bbox 583 1372 768 1436; x_wconf 88' lang='lat' dir='ltr'>territoria</span> <span class='ocrx_word' id='word_1_61' title='bbox 782 1376 818 1436; x_wconf 91' lang='lat' dir='ltr'>et</span> <span class='ocrx_word' id='word_1_62' title='bbox 835 1375 1084 1454; x_wconf 89' lang='lat' dir='ltr'>possessiones</span> <span class='ocrx_word' id='word_1_63' title='bbox 1099 1391 1194 1453; x_wconf 90' lang='lat' dir='ltr'>suas,</span> 
     </span>
     <span class='ocr_line' id='line_1_11' title="bbox 84 1475 1195 1561; baseline 0.005 -23"><span class='ocrx_word' id='word_1_64' title='bbox 84 1475 223 1560; x_wconf 92' lang='lat' dir='ltr'>ideoque</span> <span class='ocrx_word' id='word_1_65' title='bbox 240 1478 340 1542; x_wconf 92' lang='lat' dir='ltr'>nullo</span> <span class='ocrx_word' id='word_1_66' title='bbox 366 1483 476 1561; x_wconf 89' lang='lat' dir='ltr'>pacto</span> <span class='ocrx_word' id='word_1_67' title='bbox 494 1478 759 1560; x_wconf 90' lang='lat' dir='ltr'>praejudicium</span> <span class='ocrx_word' id='word_1_68' title='bbox 784 1495 864 1542; x_wconf 88' lang='lat' dir='ltr'>esso</span> <span class='ocrx_word' id='word_1_69' title='bbox 888 1479 1115 1544; x_wconf 84' lang='lat' dir='ltr'>inferendum</span> <span class='ocrx_word' id='word_1_70' title='bbox 1134 1497 1195 1561; x_wconf 93' lang='lat' dir='ltr'>po·</span> 
     </span>
     <span class='ocr_line' id='line_1_12' title="bbox 85 1583 1194 1667; baseline 0.004 -23"><span class='ocrx_word' id='word_1_71' title='bbox 85 1583 163 1662; x_wconf 87' lang='lat' dir='ltr'>pulis</span> <span class='ocrx_word' id='word_1_72' title='bbox 189 1585 374 1666; x_wconf 89' lang='lat' dir='ltr'>indigenis</span> <span class='ocrx_word' id='word_1_73' title='bbox 402 1585 490 1648; x_wconf 91' lang='lat' dir='ltr'>novi</span> <span class='ocrx_word' id='word_1_74' title='bbox 520 1585 630 1665; x_wconf 90' lang='lat' dir='ltr'>orbis,</span> <span class='ocrx_word' id='word_1_75' title='bbox 649 1602 767 1667; x_wconf 89' lang='lat' dir='ltr'>neque</span> <span class='ocrx_word' id='word_1_76' title='bbox 785 1586 859 1650; x_wconf 91' lang='lat' dir='ltr'>vim</span> <span class='ocrx_word' id='word_1_77' title='bbox 887 1586 998 1648; x_wconf 90' lang='lat' dir='ltr'>ullam</span> <span class='ocrx_word' id='word_1_78' title='bbox 1022 1601 1194 1648; x_wconf 83' lang='lat' dir='ltr'>exercen-</span> 
     </span>
     <span class='ocr_line' id='line_1_13' title="bbox 84 1688 1195 1756; baseline 0.005 -5"><span class='ocrx_word' id='word_1_79' title='bbox 84 1688 154 1752; x_wconf 88' lang='lat' dir='ltr'>dam</span> <span class='ocrx_word' id='word_1_80' title='bbox 182 1689 364 1754; x_wconf 87' lang='lat' dir='ltr'>adversus</span> <span class='ocrx_word' id='word_1_81' title='bbox 393 1691 532 1754; x_wconf 86' lang='lat' dir='ltr'>incolas</span> <span class='ocrx_word' id='word_1_82' title='bbox 557 1697 738 1754; x_wconf 90' lang='lat' dir='ltr'>terrarum</span> <span class='ocrx_word' id='word_1_83' title='bbox 766 1691 993 1756; x_wconf 86' lang='lat' dir='ltr'>detectarum</span> <span class='ocrx_word' id='word_1_84' title='bbox 1010 1691 1071 1756; x_wconf 91' lang='lat' dir='ltr'>vel</span> <span class='ocrx_word' id='word_1_85' title='bbox 1098 1691 1195 1756; x_wconf 90' lang='lat' dir='ltr'>dete·</span> 
     </span>
     <span class='ocr_line' id='line_1_14' title="bbox 86 1795 992 1880; baseline 0.003 -21"><span class='ocrx_word' id='word_1_86' title='bbox 86 1795 284 1876; x_wconf 87' lang='lat' dir='ltr'>gendarum,</span> <span class='ocrx_word' id='word_1_87' title='bbox 302 1797 382 1860; x_wconf 93' lang='lat' dir='ltr'>sive</span> <span class='ocrx_word' id='word_1_88' title='bbox 400 1798 538 1878; x_wconf 88' lang='lat' dir='ltr'>privati</span> <span class='ocrx_word' id='word_1_89' title='bbox 555 1800 635 1862; x_wconf 93' lang='lat' dir='ltr'>sive</span> <span class='ocrx_word' id='word_1_90' title='bbox 654 1799 838 1880; x_wconf 90' lang='lat' dir='ltr'>principes</span> <span class='ocrx_word' id='word_1_91' title='bbox 858 1805 992 1863; x_wconf 87' lang='lat' dir='ltr'>essent.</span> 
     </span>
    </p>

    <p class='ocr_par' dir='ltr' id='par_1_4' title="bbox 87 1903 1199 2622">
     <span class='ocr_line' id='line_1_15' title="bbox 159 1903 1199 1986; baseline 0.004 -20"><span class='ocrx_word' id='word_1_92' title='bbox 159 1903 198 1966; x_wconf 95' lang='lat' dir='ltr'>In</span> <span class='ocrx_word' id='word_1_93' title='bbox 230 1905 568 1968; x_wconf 89' lang='lat' dir='ltr'>corroborationem</span> <span class='ocrx_word' id='word_1_94' title='bbox 589 1904 697 1986; x_wconf 90' lang='lat' dir='ltr'>hujus</span> <span class='ocrx_word' id='word_1_95' title='bbox 721 1907 1006 1970; x_wconf 82' lang='lat' dir='ltr'>asseverationis</span> <span class='ocrx_word' id='word_1_96' title='bbox 1035 1907 1124 1970; x_wconf 89' lang='lat' dir='ltr'>satis</span> <span class='ocrx_word' id='word_1_97' title='bbox 1152 1907 1199 1970; x_wconf 90' lang='lat' dir='ltr'>sit</span> 
     </span>
     <span class='ocr_line' id='line_1_16' title="bbox 87 2007 1198 2090; baseline 0.005 -20"><span class='ocrx_word' id='word_1_98' title='bbox 87 2007 221 2072; x_wconf 88' lang='lat' dir='ltr'>innuere</span> <span class='ocrx_word' id='word_1_99' title='bbox 240 2008 464 2074; x_wconf 81' lang='lat' dir='ltr'>Clementem</span> <span class='ocrx_word' id='word_1_100' title='bbox 483 2010 545 2090; x_wconf 92' lang='lat' dir='ltr'>VI,</span> <span class='ocrx_word' id='word_1_101' title='bbox 568 2029 650 2074; x_wconf 88' lang='lat' dir='ltr'>cum</span> <span class='ocrx_word' id='word_1_102' title='bbox 667 2011 805 2074; x_wconf 89' lang='lat' dir='ltr'>insulas</span> <span class='ocrx_word' id='word_1_103' title='bbox 823 2009 999 2075; x_wconf 81' lang='lat' dir='ltr'>Canarias</span> <span class='ocrx_word' id='word_1_104' title='bbox 1012 2011 1198 2076; x_wconf 89' lang='lat' dir='ltr'>Ludovico</span> 
     </span>
     <span class='ocr_line' id='line_1_17' title="bbox 87 2115 1199 2200; baseline 0.004 -22"><span class='ocrx_word' id='word_1_105' title='bbox 87 2115 194 2180; x_wconf 90' lang='lat' dir='ltr'>comiti</span> <span class='ocrx_word' id='word_1_106' title='bbox 211 2135 232 2180; x_wconf 92' lang='lat' dir='ltr'>e</span> <span class='ocrx_word' id='word_1_107' title='bbox 250 2134 364 2198; x_wconf 91' lang='lat' dir='ltr'>regno</span> <span class='ocrx_word' id='word_1_108' title='bbox 394 2116 578 2181; x_wconf 86' lang='lat' dir='ltr'>Castellae</span> <span class='ocrx_word' id='word_1_109' title='bbox 605 2119 799 2199; x_wconf 87' lang='lat' dir='ltr'>concessit,</span> <span class='ocrx_word' id='word_1_110' title='bbox 820 2118 991 2198; x_wconf 85' lang='lat' dir='ltr'>explicite</span> <span class='ocrx_word' id='word_1_111' title='bbox 1019 2122 1199 2200; x_wconf 91' lang='lat' dir='ltr'>protesta-</span> 
     </span>
     <span class='ocr_line' id='line_1_18' title="bbox 88 2222 1198 2306; baseline 0.006 -25"><span class='ocrx_word' id='word_1_112' title='bbox 88 2227 208 2286; x_wconf 80' lang='lat' dir='ltr'>tuaest</span> <span class='ocrx_word' id='word_1_113' title='bbox 235 2239 276 2286; x_wconf 91' lang='lat' dir='ltr'>se</span> <span class='ocrx_word' id='word_1_114' title='bbox 304 2223 337 2285; x_wconf 93' lang='lat' dir='ltr'>ei</span> <span class='ocrx_word' id='word_1_115' title='bbox 361 2222 457 2286; x_wconf 90' lang='lat' dir='ltr'>hanc</span> <span class='ocrx_word' id='word_1_116' title='bbox 485 2223 741 2287; x_wconf 90' lang='lat' dir='ltr'>investituram</span> <span class='ocrx_word' id='word_1_117' title='bbox 774 2225 954 2306; x_wconf 79' lang='lat' dir='ltr'>conferre,</span> <span class='ocrx_word' id='word_1_118' title='bbox 973 2225 1080 2306; x_wconf 88' lang='lat' dir='ltr'>idque</span> <span class='ocrx_word' id='word_1_119' title='bbox 1105 2225 1198 2304; x_wconf 87' lang='lat' dir='ltr'>jnris</span> 
     </span>
     <span class='ocr_line' id='line_1_19' title="bbox 88 2327 1199 2412; baseline 0.005 -25"><span class='ocrx_word' id='word_1_120' title='bbox 88 2343 286 2408; x_wconf 84' lang='lat' dir='ltr'>agnoscere,</span> <span class='ocrx_word' id='word_1_121' title='bbox 306 2327 497 2392; x_wconf 91' lang='lat' dir='ltr'>dummodo</span> <span class='ocrx_word' id='word_1_122' title='bbox 534 2329 670 2393; x_wconf 89' lang='lat' dir='ltr'>nomini</span> <span class='ocrx_word' id='word_1_123' title='bbox 687 2337 901 2411; x_wconf 89' lang='lat' dir='ltr'>sequeretur</span> <span class='ocrx_word' id='word_1_124' title='bbox 933 2329 1121 2412; x_wconf 89' lang='lat' dir='ltr'>quodlibet</span> <span class='ocrx_word' id='word_1_125' title='bbox 1138 2329 1199 2394; x_wconf 91' lang='lat' dir='ltr'>da·</span> 
     </span>
     <span class='ocr_line' id='line_1_20' title="bbox 89 2435 1198 2518; baseline 0.005 -22"><span class='ocrx_word' id='word_1_126' title='bbox 89 2449 193 2497; x_wconf 92' lang='lat' dir='ltr'>mnum</span> <span class='ocrx_word' id='word_1_127' title='bbox 211 2440 274 2498; x_wconf 90' lang='lat' dir='ltr'>aut</span> <span class='ocrx_word' id='word_1_128' title='bbox 291 2440 430 2498; x_wconf 90' lang='lat' dir='ltr'>certum</span> <span class='ocrx_word' id='word_1_129' title='bbox 454 2435 731 2517; x_wconf 86' lang='lat' dir='ltr'>praejudicium,</span> <span class='ocrx_word' id='word_1_130' title='bbox 753 2441 790 2500; x_wconf 92' lang='lat' dir='ltr'>ut</span> <span class='ocrx_word' id='word_1_131' title='bbox 807 2439 987 2500; x_wconf 89' lang='lat' dir='ltr'>testantur</span> <span class='ocrx_word' id='word_1_132' title='bbox 1004 2437 1198 2518; x_wconf 83' lang='lat' dir='ltr'>diligentes</span> 
     </span>
     <span class='ocr_line' id='line_1_21' title="bbox 91 2539 550 2622; baseline 0.004 -21"><span class='ocrx_word' id='word_1_133' title='bbox 91 2555 126 2602; x_wconf 88' lang='lat' dir='ltr'>ac</span> <span class='ocrx_word' id='word_1_134' title='bbox 141 2540 291 2604; x_wconf 88' lang='lat' dir='ltr'>veridici</span> <span class='ocrx_word' id='word_1_135' title='bbox 306 2539 471 2604; x_wconf 86' lang='lat' dir='ltr'>historici</span> <span class='ocrx_word' id='word_1_136' title='bbox 489 2540 550 2622; x_wconf 89' lang='lat' dir='ltr'>(l).</span> 
     </span>
    </p>

    <p class='ocr_par' dir='ltr' id='par_1_5' title="bbox 90 2645 1201 3478">
     <span class='ocr_line' id='line_1_22' title="bbox 164 2645 1199 2730; baseline 0.003 -20"><span class='ocrx_word' id='word_1_137' title='bbox 164 2646 215 2709; x_wconf 82' lang='lat'>2.⁰</span> <span class='ocrx_word' id='word_1_138' title='bbox 261 2645 403 2710; x_wconf 91' lang='lat' dir='ltr'>Deinde</span> <span class='ocrx_word' id='word_1_139' title='bbox 432 2645 671 2710; x_wconf 87' lang='lat' dir='ltr'>Successores</span> <span class='ocrx_word' id='word_1_140' title='bbox 687 2646 727 2710; x_wconf 89' lang='lat' dir='ltr'>B.</span> <span class='ocrx_word' id='word_1_141' title='bbox 747 2647 845 2712; x_wconf 90' lang='lat' dir='ltr'>Petri</span> <span class='ocrx_word' id='word_1_142' title='bbox 861 2646 1062 2712; x_wconf 84' lang='lat' dir='ltr'>beneficam</span> <span class='ocrx_word' id='word_1_143' title='bbox 1090 2652 1199 2730; x_wconf 90' lang='lat' dir='ltr'>atque</span> 
     </span>
     <span class='ocr_line' id='line_1_23' title="bbox 91 2753 1199 2836; baseline 0.003 -21"><span class='ocrx_word' id='word_1_144' title='bbox 91 2753 426 2832; x_wconf 89' lang='lat' dir='ltr'>praestantissimam</span> <span class='ocrx_word' id='word_1_145' title='bbox 445 2754 654 2818; x_wconf 88' lang='lat' dir='ltr'>missionem</span> <span class='ocrx_word' id='word_1_146' title='bbox 671 2772 761 2835; x_wconf 89' lang='lat' dir='ltr'>erga</span> <span class='ocrx_word' id='word_1_147' title='bbox 775 2755 930 2836; x_wconf 90' lang='lat' dir='ltr'>populos</span> <span class='ocrx_word' id='word_1_148' title='bbox 949 2757 992 2821; x_wconf 94' lang='lat' dir='ltr'>de</span> <span class='ocrx_word' id='word_1_149' title='bbox 1020 2774 1117 2821; x_wconf 92' lang='lat' dir='ltr'>novo</span> <span class='ocrx_word' id='word_1_150' title='bbox 1145 2773 1199 2820; x_wconf 91' lang='lat' dir='ltr'>re-</span> 
     </span>
     <span class='ocr_line' id='line_1_24' title="bbox 92 2861 1199 2944; baseline 0.004 -22"><span class='ocrx_word' id='word_1_151' title='bbox 92 2867 198 2938; x_wconf 91' lang='lat' dir='ltr'>pertos</span> <span class='ocrx_word' id='word_1_152' title='bbox 227 2868 482 2940; x_wconf 82' lang='lat' dir='ltr'>exercuerunt3</span> <span class='ocrx_word' id='word_1_153' title='bbox 514 2861 650 2924; x_wconf 90' lang='lat' dir='ltr'>nemini</span> <span class='ocrx_word' id='word_1_154' title='bbox 680 2861 858 2942; x_wconf 91' lang='lat' dir='ltr'>equidem,</span> <span class='ocrx_word' id='word_1_155' title='bbox 890 2863 951 2944; x_wconf 90' lang='lat' dir='ltr'>qui</span> <span class='ocrx_word' id='word_1_156' title='bbox 978 2864 1039 2928; x_wconf 85' lang='lat' dir='ltr'>vel</span> <span class='ocrx_word' id='word_1_157' title='bbox 1066 2864 1199 2928; x_wconf 90' lang='lat' dir='ltr'>leviter</span> 
     </span>
     <span class='ocr_line' id='line_1_25' title="bbox 90 2965 1197 3050; baseline 0.003 -21"><span class='ocrx_word' id='word_1_158' title='bbox 90 2965 275 3047; x_wconf 85' lang='lat' dir='ltr'>perlegerit</span> <span class='ocrx_word' id='word_1_159' title='bbox 290 2966 488 3048; x_wconf 88' lang='lat' dir='ltr'>scriptores</span> <span class='ocrx_word' id='word_1_160' title='bbox 507 2966 551 3030; x_wconf 92' lang='lat' dir='ltr'>de</span> <span class='ocrx_word' id='word_1_161' title='bbox 580 2969 688 3031; x_wconf 89' lang='lat' dir='ltr'>rebus</span> <span class='ocrx_word' id='word_1_162' title='bbox 705 2967 897 3032; x_wconf 87' lang='lat' dir='ltr'>Americae</span> <span class='ocrx_word' id='word_1_163' title='bbox 913 2976 1197 3050; x_wconf 87' lang='lat' dir='ltr'>pertractantes,</span> 
     </span>
     <span class='ocr_line' id='line_1_26' title="bbox 91 3068 1199 3154; baseline 0.008 -25"><span class='ocrx_word' id='word_1_164' title='bbox 91 3068 138 3132; x_wconf 88' lang='lat' dir='ltr'>las</span> <span class='ocrx_word' id='word_1_165' title='bbox 159 3071 226 3135; x_wconf 91' lang='lat' dir='ltr'>erit</span> <span class='ocrx_word' id='word_1_166' title='bbox 249 3072 393 3136; x_wconf 90' lang='lat' dir='ltr'>nescire</span> <span class='ocrx_word' id='word_1_167' title='bbox 410 3076 584 3154; x_wconf 91' lang='lat' dir='ltr'>quantum</span> <span class='ocrx_word' id='word_1_168' title='bbox 615 3073 795 3154; x_wconf 88' lang='lat' dir='ltr'>utilitatis,</span> <span class='ocrx_word' id='word_1_169' title='bbox 812 3074 1011 3154; x_wconf 87' lang='lat' dir='ltr'>juvaminis</span> <span class='ocrx_word' id='word_1_170' title='bbox 1040 3080 1076 3138; x_wconf 91' lang='lat' dir='ltr'>et</span> <span class='ocrx_word' id='word_1_171' title='bbox 1104 3093 1199 3138; x_wconf 90' lang='lat' dir='ltr'>com-</span> 
     </span>
     <span class='ocr_line' id='line_1_27' title="bbox 94 3177 1201 3262; baseline 0.006 -23"><span class='ocrx_word' id='word_1_172' title='bbox 94 3177 176 3241; x_wconf 91' lang='lat' dir='ltr'>modi</span> <span class='ocrx_word' id='word_1_173' title='bbox 202 3178 382 3260; x_wconf 89' lang='lat' dir='ltr'>indigenis</span> <span class='ocrx_word' id='word_1_174' title='bbox 399 3179 544 3242; x_wconf 91' lang='lat' dir='ltr'>illarum</span> <span class='ocrx_word' id='word_1_175' title='bbox 563 3179 772 3244; x_wconf 88' lang='lat' dir='ltr'>dissitarum</span> <span class='ocrx_word' id='word_1_176' title='bbox 789 3181 976 3262; x_wconf 89' lang='lat' dir='ltr'>regionum</span> <span class='ocrx_word' id='word_1_177' title='bbox 1006 3182 1201 3246; x_wconf 84' lang='lat' dir='ltr'>contulerit</span> 
     </span>
     <span class='ocr_line' id='line_1_28' title="bbox 93 3279 1201 3369; baseline 0.006 -24"><span class='ocrx_word' id='word_1_178' title='bbox 93 3279 265 3348; x_wconf 80' lang='lat' dir='ltr'>Ecclesiae</span> <span class='ocrx_word' id='word_1_179' title='bbox 294 3285 516 3350; x_wconf 90' lang='lat' dir='ltr'>interventio</span> <span class='ocrx_word' id='word_1_180' title='bbox 533 3285 848 3369; x_wconf 90' lang='lat' dir='ltr'>Romanorumque</span> <span class='ocrx_word' id='word_1_181' title='bbox 865 3287 1078 3350; x_wconf 90' lang='lat' dir='ltr'>Pontificum</span> <span class='ocrx_word' id='word_1_182' title='bbox 1105 3288 1201 3352; x_wconf 89' lang='lat' dir='ltr'>salu·</span> 
     </span>
     <span class='ocr_line' id='line_1_29' title="bbox 94 3389 570 3478; baseline 0.021 -30"><span class='ocrx_word' id='word_1_183' title='bbox 94 3389 170 3452; x_wconf 85' lang='lat' dir='ltr'>taris</span> <span class='ocrx_word' id='word_1_184' title='bbox 186 3390 353 3454; x_wconf 83' lang='lat' dir='ltr'>influxus.</span> <span class='ocrx_word' id='word_1_185' title='bbox 568 3469 570 3478; x_wconf 13' lang='grc' dir='ltr'>λ</span> 
     </span>
    </p>

    <p class='ocr_par' dir='ltr' id='par_1_6' title="bbox 93 3495 1205 4013">
     <span class='ocr_line' id='line_1_30' title="bbox 170 3495 1203 3580; baseline 0.004 -21"><span class='ocrx_word' id='word_1_186' title='bbox 170 3495 363 3561; x_wconf 86' lang='lat' dir='ltr'>Enimvero</span> <span class='ocrx_word' id='word_1_187' title='bbox 397 3497 542 3560; x_wconf 89' lang='lat' dir='ltr'>incolae</span> <span class='ocrx_word' id='word_1_188' title='bbox 575 3497 776 3561; x_wconf 90' lang='lat' dir='ltr'>insularum</span> <span class='ocrx_word' id='word_1_189' title='bbox 808 3516 852 3562; x_wconf 93' lang='lat' dir='ltr'>ac</span> <span class='ocrx_word' id='word_1_190' title='bbox 885 3503 1078 3578; x_wconf 90' lang='lat' dir='ltr'>terrarum,</span> <span class='ocrx_word' id='word_1_191' title='bbox 1108 3515 1203 3580; x_wconf 90' lang='lat' dir='ltr'>quae</span> 
     </span>
     <span class='ocr_line' id='line_1_31' title="bbox 93 3601 1202 3685; baseline 0.007 -24"><span class='ocrx_word' id='word_1_192' title='bbox 93 3617 195 3680; x_wconf 91' lang='lat' dir='ltr'>opera</span> <span class='ocrx_word' id='word_1_193' title='bbox 217 3607 254 3664; x_wconf 91' lang='lat' dir='ltr'>et</span> <span class='ocrx_word' id='word_1_194' title='bbox 270 3601 448 3666; x_wconf 88' lang='lat' dir='ltr'>industria</span> <span class='ocrx_word' id='word_1_195' title='bbox 464 3603 726 3685; x_wconf 91' lang='lat' dir='ltr'>intrepidorum</span> <span class='ocrx_word' id='word_1_196' title='bbox 744 3604 1017 3685; x_wconf 89' lang='lat' dir='ltr'>exploratorum</span> <span class='ocrx_word' id='word_1_197' title='bbox 1034 3603 1071 3666; x_wconf 91' lang='lat' dir='ltr'>in</span> <span class='ocrx_word' id='word_1_198' title='bbox 1098 3603 1202 3669; x_wconf 90' lang='lat' dir='ltr'>Novo</span> 
     </span>
     <span class='ocr_line' id='line_1_32' title="bbox 93 3703 1205 3791; baseline 0.002 -21"><span class='ocrx_word' id='word_1_199' title='bbox 93 3703 213 3770; x_wconf 81' lang='lat' dir='ltr'>lluudo</span> <span class='ocrx_word' id='word_1_200' title='bbox 242 3707 410 3772; x_wconf 90' lang='lat' dir='ltr'>detectae</span> <span class='ocrx_word' id='word_1_201' title='bbox 440 3716 535 3790; x_wconf 87' lang='lat' dir='ltr'>sont,</span> <span class='ocrx_word' id='word_1_202' title='bbox 556 3709 733 3791; x_wconf 87' lang='lat' dir='ltr'>singulari</span> <span class='ocrx_word' id='word_1_203' title='bbox 761 3709 992 3790; x_wconf 89' lang='lat' dir='ltr'>gratitudinis</span> <span class='ocrx_word' id='word_1_204' title='bbox 1020 3709 1139 3774; x_wconf 85' lang='lat' dir='ltr'>officio</span> <span class='ocrx_word' id='word_1_205' title='bbox 1168 3715 1205 3773; x_wconf 92' lang='lat' dir='ltr'>et</span> 
     </span>
     <span class='ocr_line' id='line_1_33' title="bbox 97 3811 1204 3897; baseline 0.005 -25"><span class='ocrx_word' id='word_1_206' title='bbox 97 3811 283 3877; x_wconf 87' lang='lat' dir='ltr'>arctissimo</span> <span class='ocrx_word' id='word_1_207' title='bbox 298 3814 466 3894; x_wconf 90' lang='lat' dir='ltr'>justitiae</span> <span class='ocrx_word' id='word_1_208' title='bbox 485 3815 632 3878; x_wconf 90' lang='lat' dir='ltr'>vinculo</span> <span class='ocrx_word' id='word_1_209' title='bbox 661 3815 850 3890; x_wconf 88' lang='lat' dir='ltr'>Ecclesiae</span> <span class='ocrx_word' id='word_1_210' title='bbox 877 3814 1082 3897; x_wconf 83' lang='lat' dir='ltr'>Christique</span> <span class='ocrx_word' id='word_1_211' title='bbox 1098 3816 1204 3880; x_wconf 89' lang='lat' dir='ltr'>Vioa·</span> 
     </span>
     <span class='ocr_line' id='line_1_34' title="bbox 96 3909 1201 4005; baseline 0.004 -24"><span class='ocrx_word' id='word_1_212' title='bbox 96 3919 149 3982; x_wconf 87' lang='lat' dir='ltr'>riis</span> <span class='ocrx_word' id='word_1_213' title='bbox 165 3922 366 3986; x_wconf 89' lang='lat' dir='ltr'>necessario</span> <span class='ocrx_word' id='word_1_214' title='bbox 386 3922 647 3986; x_wconf 87' lang='lat' dir='ltr'>devinciuntur</span> <span class='ocrx_word' id='word_1_215' title='bbox 664 3927 816 4005; x_wconf 92' lang='lat' dir='ltr'>propter</span> <span class='ocrx_word' id='word_1_216' title='bbox 833 3923 994 4004; x_wconf 88' lang='lat' dir='ltr'>iugentia</span> <span class='ocrx_word' id='word_1_217' title='bbox 1011 3909 1201 4003; x_wconf 84' lang='lat' dir='ltr'>beneficia,</span> 
     </span>
    </p>
   </div>
   <div class='ocr_carea' id='block_1_3' title="bbox 98 4109 264 4121">
    <p class='ocr_par' dir='ltr' id='par_1_7' title="bbox 98 4109 264 4121">
     <span class='ocr_line' id='line_1_35' title="bbox 98 4109 264 4121; baseline 0.006 -1"><span class='ocrx_word' id='word_1_218' title='bbox 98 4109 264 4121; x_wconf 66' lang='lat'><em>*————-·</em></span> 
     </span>
    </p>
   </div>
   <div class='ocr_carea' id='block_1_4' title="bbox 96 4267 829 4346">
    <p class='ocr_par' dir='ltr' id='par_1_8' title="bbox 96 4267 829 4346">
     <span class='ocr_line' id='line_1_36' title="bbox 96 4267 829 4346; baseline 0.012 -28"><span class='ocrx_word' id='word_1_219' title='bbox 96 4329 101 4340; x_wconf 87' lang='lat'><strong>.</strong></span> <span class='ocrx_word' id='word_1_220' title='bbox 159 4271 193 4334; x_wconf 84' lang='lat' dir='ltr'>(l)</span> <span class='ocrx_word' id='word_1_221' title='bbox 227 4267 305 4324; x_wconf 80' lang='lat' dir='ltr'>conl.</span> <span class='ocrx_word' id='word_1_222' title='bbox 319 4271 393 4340; x_wconf 87' lang='lat' dir='ltr'>Orsi,</span> <span class='ocrx_word' id='word_1_223' title='bbox 405 4269 481 4346; x_wconf 83' lang='lat' dir='ltr'>Hist.</span> <span class='ocrx_word' id='word_1_224' title='bbox 493 4269 606 4337; x_wconf 76' lang='lat' dir='ltr'>Ecclcs,</span> <span class='ocrx_word' id='word_1_225' title='bbox 619 4271 669 4326; x_wconf 92' lang='lat' dir='ltr'>lib.</span> <span class='ocrx_word' id='word_1_226' title='bbox 684 4271 756 4340; x_wconf 75' lang='lat'>79,§</span> <span class='ocrx_word' id='word_1_227' title='bbox 772 4274 829 4327; x_wconf 88' lang='grc'><strong>101.</strong></span> 
     </span>
    </p>
   </div>
   <div class='ocr_carea' id='block_1_5' title="bbox 0 0 1528 4992">
    <p class='ocr_par' dir='ltr' id='par_1_9' title="bbox 0 0 1528 4992">
     <span class='ocr_line' id='line_1_37' title="bbox 0 0 1528 4992; baseline 0 0"><span class='ocrx_word' id='word_1_228' title='bbox 0 0 1528 4992; x_wconf 95' lang='lat' dir='ltr'> </span> 
     </span>
    </p>
   </div>
  </div>
 </body>
</html>
