3058 4994
785 366 964 426 ..434-

314 511 410 576 lecte
428 515 653 592 asservatur,
672 509 879 592 proprietas
894 510 1042 594 privata
1058 509 1229 592 religiose
1253 508 1381 574 colitur
1399 515 1440 572 ct

314 615 537 699 generaliter
565 616 759 698 praevalet
790 623 952 698 systema
979 615 1186 698 aequilibrii
1214 615 1364 698 politici;
1396 609 1440 678 in

313 725 489 790 maritimo
517 727 639 788 autem
669 723 904 790 limitationes
931 722 1158 790 neutralitati
1190 728 1438 806 apponuntur,
1507 771 1508 778 κ

314 829 523 912 proprietas
539 830 687 912 privata
703 846 767 894 seu
784 846 899 896 navos
915 834 952 894 ot
969 845 1109 896 merces
1125 829 1261 894 civium
1278 829 1439 912 privato·

314 953 394 1004 rum
413 953 485 1000 non
502 935 593 1002 adeo
613 935 784 1019 religiose
796 941 986 1001 reveretur
1000 937 1166 1018 (anjura
1180 952 1297 1001 necno
1310 939 1439 1018 postea

314 1041 532 1122 videbimus)
548 1048 657 1126 atque
674 1043 810 1125 passim
827 1041 1058 1108 dominantur
1087 1041 1254 1108 nationes
1285 1043 1439 1124 imperio

314 1149 496 1216 maritimo
510 1149 747 1230 potentiores.
1508 1213 1509 1238 ,

406 1256 483 1320 133.
533 1255 590 1320 Ad
614 1255 750 1320 bollum
778 1255 978 1337 legitimum
1002 1253 1308 1337 constituendum,
1331 1255 1439 1336 Juxta
1508 1287 1509 1338 5

318 1363 585 1447 praeclariores
598 1361 619 1426 J
624 1363 696 1426 uris
710 1361 1007 1426 Intercationalis
1021 1362 1267 1444 expositores,
1276 1378 1343 1427 sex
1356 1379 1436 1426 eon·

317 1469 474 1536 ditiones
509 1469 652 1534 omnino
680 1467 946 1550 desiderantur,
973 1467 1157 1534 videlicet:
1192 1489 1299 1534 couno
1324 1472 1434 1556 juata,

316 1577 524 1663 gravissimo
550 1581 585 1640 et
614 1584 722 1657 certa;
739 1595 822 1640 uero
845 1577 1045 1656 necessitas·
1061 1577 1255 1642 aucto-ritus
1277 1575 1436 1660 palatiosa·
1509 1580 1510 1664 l

317 1685 461 1748 intentio
485 1683 600 1765 pocta·
614 1683 755 1770 publicu
778 1683 1011 1764 denunciatio;
1027 1682 1201 1768 legitimus
1230 1682 1350 1748 modus
1378 1699 1436 1764 ge·
1509 1687 1510 1744 Ξ

318 1788 423 1864 rendi
447 1787 594 1854 bellum.
614 1787 669 1852 De
692 1788 844 1872 singulis
861 1787 961 1853 bisce
976 1788 1235 1854 essentialibus
1254 1787 1436 1872 requisitis

319 1895 446 1960 ordine
465 1910 509 1960 ac
538 1895 765 1960 concissione
791 1909 857 1977 pro
874 1913 974 1960 more
992 1901 1117 1960 nostro
1147 1895 1287 1977 aliquid
1303 1894 1435 1959 deliba-

318 2002 447 2068 bimus.

409 2107 485 2172 134.
535 2106 742 2190 Requiritur
766 2107 918 2190 primum
938 2125 1003 2190 pro
1021 2107 1117 2173 bello
1134 2107 1296 2190 legitime
1313 2125 1436 2190 geren·

321 2213 365 2279 do
384 2217 423 2278 ut
451 2213 545 2280 adsit
561 2235 678 2296 causa,
695 2220 732 2278 et
747 2213 893 2296 quidam
901 2217 1013 2301 jorata,
1032 2221 1211 2297 quatenus
1233 2216 1293 2296 jus
1310 2231 1375 2296 pro
1391 2231 1435 2276 ea

319 2325 426 2403 parte
458 2322 600 2402 militet,
634 2339 727 2404 quae
759 2321 893 2386 bellurn
926 2327 1061 2402 movot;
1090 2323 1309 2407 pravissimo,
1339 2320 1431 2403 quia,

319 2446 399 2494 cum
418 2431 471 2492 tot
489 2428 585 2492 mala
604 2435 641 2492 et
659 2427 887 2492 calamitates
904 2445 1026 2492 secum
1043 2429 1139 2492 ierat
1156 2428 1300 2510 bellum,
1313 2433 1351 2490 ut
1367 2444 1433 2492 me·

318 2535 389 2600 rito
406 2535 581 2622 flagellum
598 2537 777 2599 notionum
800 2541 1041 2616 nuncupetur,
1060 2553 1132 2600 non
1157 2533 1308 2616 quaevis
1327 2550 1435 2598 causa

319 2641 443 2706 tuendi
458 2641 551 2722 juris
569 2641 615 2704 ad
633 2641 921 2722 belligerandum
938 2641 1084 2725 sufficit,
1102 2640 1167 2706 sed
1184 2641 1314 2706 adesse
1331 2640 1433 2704 debet

320 2747 637 2830 praestantissima
667 2748 760 2812 ratio
787 2748 873 2812 boni
901 2747 1112 2830 communis,
1139 2765 1233 2832 quae
1261 2763 1434 2812 excusare
1511 2729 1512 2748 ¹

320 2856 434 2938 possit
451 2860 503 2919 tot
520 2855 652 2920 caedes
677 2861 713 2919 et
731 2869 937 2938 aerumnas,
956 2859 1043 2938 quot
1058 2856 1191 2920 bellum
1209 2855 1290 2920 sive
1307 2873 1372 2938 per
1397 2871 1433 2917 so

320 2963 399 3028 sive
430 2962 582 3026 militum
599 2961 747 3026 licentia
764 2963 915 3044 gignere
940 2961 1045 3043 solet3
1066 2969 1170 3043 certa,
1188 2961 1225 3026 id
1252 2966 1320 3042 est,
1336 2961 1435 3043 justi·

320 3069 371 3134 tia
402 3071 504 3134 certa
533 3068 671 3150 innixa,
690 3085 763 3132 non
780 3085 867 3132 vero
891 3068 1000 3132 dubia
1028 3075 1092 3134 aut
1121 3068 1316 3151 probabili,
1334 3084 1434 3132 secus

322 3177 417 3240 onim
447 3193 515 3240 nec
535 3181 749 3258 exsurgeret
761 3176 821 3256 jns
838 3183 989 3256 certum,
1008 3193 1076 3238 nec
1102 3180 1266 3239 exstaret
1283 3175 1434 3239 facultas

323 3284 504 3348 inferendi
536 3289 645 3366 atque
678 3281 878 3346 sustinendi
910 3282 1005 3346 mala
1038 3289 1153 3364 certa,
1178 3298 1273 3364 quae
1305 3281 1435 3346 bellum

322 3389 508 3472 importat.
540 3390 596 3454 Ex
627 3389 732 3454 dietis
761 3389 997 3470 consequitur
1029 3389 1127 3453 bella
1158 3385 1432 3471 expugnationis

323 3498 383 3562 vel
403 3497 623 3577 commercii,
639 3513 733 3578 quae
749 3514 815 3577 pro
833 3495 1018 3559 dilatando
1043 3495 1195 3577 imperio
1214 3495 1274 3560 vel
1292 3494 1434 3578 propria

322 3603 481 3668 utilitate
501 3603 733 3684 procuranda
756 3601 1013 3684 suscipiuntur,
1032 3619 1112 3666 esse
1129 3619 1230 3666 mera
1245 3600 1436 3666 latrocinia

326 3711 526 3795 (gloriosum
550 3711 670 3791 coelur,
684 3711 790 3791 juxta
817 3710 1031 3792 graphicum
1058 3708 1220 3774 Senecae
1249 3707 1434 3791 phrasim),

322 3821 433 3900 atque
462 3833 523 3882 eos
542 3833 678 3898 omnes,
699 3817 760 3900 qui
782 3815 986 3898 hujusmodi
1002 3816 1166 3882 victoriis
1194 3816 1436 3880 inclarescunt

320 3924 382 3988 vel
413 3923 607 4006 ditescunt,
627 3941 708 3988 esse
725 3923 926 3989 censendos
954 3909 1140 4006 tamquam
1157 3939 1265 3988 veros
1290 3920 1436 4006 praedo·

323 4048 388 4095 nes
413 4032 601 4114 punitione
629 4031 901 4096 internetionali
929 4030 1142 4113 plectendos
1173 4035 1211 4094 ct
1242 4028 1436 4095 universali

323 4145 534 4221 contemptu
552 4138 838 4222 prosequendos.

415 4241 573 4324 Quodsi
598 4246 634 4310 in
662 4243 870 4312 concretot
899 4245 1003 4311 nobis
1029 4243 1234 4311 sciscitetur
1263 4259 1435 4328 quaenam
