<?xml version="1.0" encoding="UTF-8"?>
<!DOCTYPE html PUBLIC "-//W3C//DTD XHTML 1.0 Transitional//EN"
    "http://www.w3.org/TR/xhtml1/DTD/xhtml1-transitional.dtd">
<html xmlns="http://www.w3.org/1999/xhtml" xml:lang="en" lang="en">
 <head>
  <title>
</title>
<meta http-equiv="Content-Type" content="text/html;charset=utf-8" />
  <meta name='ocr-system' content='tesseract 3.04.00' />
  <meta name='ocr-capabilities' content='ocr_page ocr_carea ocr_par ocr_line ocrx_word'/>
</head>
<body>
  <div class='ocr_page' id='page_1' title='image "./juspublicumeccl00ferngoog_0172.png"; bbox 0 0 3062 4994; ppageno 0'>
   <div class='ocr_carea' id='block_1_1' title="bbox 565 389 748 448">
    <p class='ocr_par' dir='ltr' id='par_1_1' title="bbox 565 389 748 448">
     <span class='ocr_line' id='line_1_1' title="bbox 565 389 748 448; baseline -0.011 0"><span class='ocrx_word' id='word_1_1' title='bbox 565 389 748 448; x_wconf 80' lang='lat'><strong>-167-</strong></span> 
     </span>
    </p>
   </div>
   <div class='ocr_carea' id='block_1_2' title="bbox 102 531 1227 3917">
    <p class='ocr_par' dir='ltr' id='par_1_2' title="bbox 108 531 1222 720">
     <span class='ocr_line' id='line_1_2' title="bbox 108 531 1222 616; baseline 0.006 -22"><span class='ocrx_word' id='word_1_2' title='bbox 108 531 229 611; x_wconf 89' lang='lat' dir='ltr'><strong>monia,</strong></span> <span class='ocrx_word' id='word_1_3' title='bbox 244 531 400 614; x_wconf 85' lang='lat' dir='ltr'><strong>provida</strong></span> <span class='ocrx_word' id='word_1_4' title='bbox 413 532 740 616; x_wconf 81' lang='lat' dir='ltr'><strong>administratione,</strong></span> <span class='ocrx_word' id='word_1_5' title='bbox 755 550 799 598; x_wconf 90' lang='lat' dir='ltr'><strong>ac</strong></span> <span class='ocrx_word' id='word_1_6' title='bbox 813 535 1040 616; x_wconf 91' lang='lat' dir='ltr'><strong>potissimum</strong></span> <span class='ocrx_word' id='word_1_7' title='bbox 1058 551 1104 600; x_wconf 87' lang='lat' dir='ltr'><strong>ex</strong></span> <span class='ocrx_word' id='word_1_8' title='bbox 1120 534 1222 603; x_wconf 64' lang='lat' dir='ltr'><strong>laboss</strong></span> 
     </span>
     <span class='ocr_line' id='line_1_3' title="bbox 108 637 513 720; baseline 0.01 -21"><span class='ocrx_word' id='word_1_9' title='bbox 108 637 195 701; x_wconf 87' lang='lat' dir='ltr'><strong>riosa</strong></span> <span class='ocrx_word' id='word_1_10' title='bbox 205 639 273 702; x_wconf 89' lang='lat' dir='ltr'><strong>soli</strong></span> <span class='ocrx_word' id='word_1_11' title='bbox 287 639 431 702; x_wconf 92' lang='lat' dir='ltr'><strong>cultura</strong></span> <span class='ocrx_word' id='word_1_12' title='bbox 449 639 513 720; x_wconf 90' lang='lat' dir='ltr'><strong>(l).</strong></span> 
     </span>
    </p>

    <p class='ocr_par' dir='ltr' id='par_1_3' title="bbox 106 743 1227 1362">
     <span class='ocr_line' id='line_1_4' title="bbox 184 743 1225 830; baseline 0.006 -23"><span class='ocrx_word' id='word_1_13' title='bbox 184 743 239 807; x_wconf 81' lang='lat'><strong>95.</strong></span> <span class='ocrx_word' id='word_1_14' title='bbox 287 743 488 827; x_wconf 84' lang='lat' dir='ltr'><strong>Anquisitio</strong></span> <span class='ocrx_word' id='word_1_15' title='bbox 505 746 739 827; x_wconf 90' lang='lat' dir='ltr'><strong>praediorum</strong></span> <span class='ocrx_word' id='word_1_16' title='bbox 756 764 802 812; x_wconf 84' lang='lat' dir='ltr'><strong>ex</strong></span> <span class='ocrx_word' id='word_1_17' title='bbox 822 753 932 830; x_wconf 89' lang='lat' dir='ltr'><strong>parte</strong></span> <span class='ocrx_word' id='word_1_18' title='bbox 949 746 1138 813; x_wconf 75' lang='lat' dir='ltr'><strong>Ecclesiae</strong></span> <span class='ocrx_word' id='word_1_19' title='bbox 1154 769 1225 813; x_wconf 92' lang='lat' dir='ltr'><strong>ma·</strong></span> 
     </span>
     <span class='ocr_line' id='line_1_5' title="bbox 106 851 1227 935; baseline 0.004 -21"><span class='ocrx_word' id='word_1_20' title='bbox 106 868 169 932; x_wconf 83' lang='lat' dir='ltr'><strong>guo</strong></span> <span class='ocrx_word' id='word_1_21' title='bbox 184 851 332 918; x_wconf 87' lang='lat' dir='ltr'><strong>dissidio</strong></span> <span class='ocrx_word' id='word_1_22' title='bbox 351 853 447 916; x_wconf 90' lang='lat' dir='ltr'><strong>inter</strong></span> <span class='ocrx_word' id='word_1_23' title='bbox 463 852 708 918; x_wconf 71' lang='lat' dir='ltr'><strong>sacerdotium</strong></span> <span class='ocrx_word' id='word_1_24' title='bbox 728 858 765 917; x_wconf 91' lang='lat' dir='ltr'><strong>et</strong></span> <span class='ocrx_word' id='word_1_25' title='bbox 780 853 974 935; x_wconf 89' lang='lat' dir='ltr'><strong>imperium</strong></span> <span class='ocrx_word' id='word_1_26' title='bbox 992 855 1227 919; x_wconf 80' lang='lat' dir='ltr'><strong>occasionem</strong></span> 
     </span>
     <span class='ocr_line' id='line_1_6' title="bbox 107 959 1227 1044; baseline 0.004 -23"><span class='ocrx_word' id='word_1_27' title='bbox 107 959 207 1040; x_wconf 85' lang='lat' dir='ltr'><strong>dedit,</strong></span> <span class='ocrx_word' id='word_1_28' title='bbox 226 965 336 1041; x_wconf 87' lang='lat' dir='ltr'><strong>atque</strong></span> <span class='ocrx_word' id='word_1_29' title='bbox 365 960 608 1041; x_wconf 85' lang='lat' dir='ltr'><strong>gravissimae</strong></span> <span class='ocrx_word' id='word_1_30' title='bbox 622 961 836 1042; x_wconf 88' lang='lat' dir='ltr'><strong>juristarum</strong></span> <span class='ocrx_word' id='word_1_31' title='bbox 854 962 1145 1044; x_wconf 87' lang='lat' dir='ltr'><strong>controversiae,</strong></span> <span class='ocrx_word' id='word_1_32' title='bbox 1165 963 1227 1044; x_wconf 91' lang='lat' dir='ltr'><strong>qui</strong></span> 
     </span>
     <span class='ocr_line' id='line_1_7' title="bbox 106 1065 1226 1150; baseline 0.005 -22"><span class='ocrx_word' id='word_1_33' title='bbox 106 1066 242 1130; x_wconf 85' lang='lat' dir='ltr'><strong>tandem</strong></span> <span class='ocrx_word' id='word_1_34' title='bbox 258 1067 297 1130; x_wconf 91' lang='lat' dir='ltr'><strong>in</strong></span> <span class='ocrx_word' id='word_1_35' title='bbox 313 1065 494 1148; x_wconf 88' lang='lat' dir='ltr'><strong>duplicem</strong></span> <span class='ocrx_word' id='word_1_36' title='bbox 512 1067 733 1132; x_wconf 86' lang='lat' dir='ltr'><strong>sententiam</strong></span> <span class='ocrx_word' id='word_1_37' title='bbox 756 1067 938 1150; x_wconf 89' lang='lat' dir='ltr'><strong>abierunt,</strong></span> <span class='ocrx_word' id='word_1_38' title='bbox 958 1067 1048 1132; x_wconf 88' lang='lat' dir='ltr'><strong>duas</strong></span> <span class='ocrx_word' id='word_1_39' title='bbox 1067 1069 1226 1134; x_wconf 91' lang='lat' dir='ltr'><strong>celeber·</strong></span> 
     </span>
     <span class='ocr_line' id='line_1_8' title="bbox 106 1172 1225 1258; baseline 0.004 -23"><span class='ocrx_word' id='word_1_40' title='bbox 106 1172 207 1236; x_wconf 89' lang='lat' dir='ltr'><strong>rimas</strong></span> <span class='ocrx_word' id='word_1_41' title='bbox 222 1189 269 1236; x_wconf 89' lang='lat' dir='ltr'><strong>ac</strong></span> <span class='ocrx_word' id='word_1_42' title='bbox 285 1189 435 1254; x_wconf 89' lang='lat' dir='ltr'><strong>prorsus</strong></span> <span class='ocrx_word' id='word_1_43' title='bbox 454 1172 647 1238; x_wconf 87' lang='lat' dir='ltr'><strong>distinctas</strong></span> <span class='ocrx_word' id='word_1_44' title='bbox 665 1172 812 1237; x_wconf 89' lang='lat' dir='ltr'><strong>scholas</strong></span> <span class='ocrx_word' id='word_1_45' title='bbox 850 1175 1124 1258; x_wconf 87' lang='lat' dir='ltr'><strong>constituentes,</strong></span> <span class='ocrx_word' id='word_1_46' title='bbox 1141 1193 1225 1258; x_wconf 90' lang='lat' dir='ltr'><strong>qua·</strong></span> 
     </span>
     <span class='ocr_line' id='line_1_9' title="bbox 106 1279 941 1362; baseline 0.005 -22"><span class='ocrx_word' id='word_1_47' title='bbox 106 1294 175 1342; x_wconf 89' lang='lat' dir='ltr'><strong>rum</strong></span> <span class='ocrx_word' id='word_1_48' title='bbox 188 1279 326 1360; x_wconf 90' lang='lat' dir='ltr'><strong>placita</strong></span> <span class='ocrx_word' id='word_1_49' title='bbox 343 1279 379 1342; x_wconf 93' lang='lat' dir='ltr'><strong>in</strong></span> <span class='ocrx_word' id='word_1_50' title='bbox 398 1279 573 1344; x_wconf 83' lang='lat' dir='ltr'><strong>trutinam</strong></span> <span class='ocrx_word' id='word_1_51' title='bbox 586 1297 766 1346; x_wconf 88' lang='lat' dir='ltr'><strong>revocare</strong></span> <span class='ocrx_word' id='word_1_52' title='bbox 785 1287 941 1362; x_wconf 89' lang='lat' dir='ltr'><strong>oportet.</strong></span> 
     </span>
    </p>

    <p class='ocr_par' dir='ltr' id='par_1_4' title="bbox 102 1383 1227 2517">
     <span class='ocr_line' id='line_1_10' title="bbox 183 1383 1227 1471; baseline 0 -21"><span class='ocrx_word' id='word_1_53' title='bbox 183 1383 318 1450; x_wconf 88' lang='lat' dir='ltr'><strong>Schola</strong></span> <span class='ocrx_word' id='word_1_54' title='bbox 333 1386 534 1471; x_wconf 77' lang='lat' dir='ltr'><strong>repulistica</strong></span> <span class='ocrx_word' id='word_1_55' title='bbox 564 1385 753 1451; x_wconf 91' lang='lat' dir='ltr'><strong>contendit</strong></span> <span class='ocrx_word' id='word_1_56' title='bbox 782 1386 998 1470; x_wconf 89' lang='lat' dir='ltr'><strong>Principem,</strong></span> <span class='ocrx_word' id='word_1_57' title='bbox 1017 1387 1110 1452; x_wconf 89' lang='lat' dir='ltr'><strong>sicut</strong></span> <span class='ocrx_word' id='word_1_58' title='bbox 1125 1388 1227 1452; x_wconf 87' lang='lat' dir='ltr'><strong>valet</strong></span> 
     </span>
     <span class='ocr_line' id='line_1_11' title="bbox 102 1491 1227 1576; baseline 0.003 -21"><span class='ocrx_word' id='word_1_59' title='bbox 102 1491 176 1571; x_wconf 84' lang='lat' dir='ltr'><strong>jnre</strong></span> <span class='ocrx_word' id='word_1_60' title='bbox 192 1492 367 1575; x_wconf 90' lang='lat' dir='ltr'><strong>propriae</strong></span> <span class='ocrx_word' id='word_1_61' title='bbox 386 1493 679 1558; x_wconf 86' lang='lat' dir='ltr'><strong>conservationis</strong></span> <span class='ocrx_word' id='word_1_62' title='bbox 697 1500 734 1557; x_wconf 90' lang='lat' dir='ltr'><strong>et</strong></span> <span class='ocrx_word' id='word_1_63' title='bbox 753 1493 972 1558; x_wconf 87' lang='lat' dir='ltr'><strong>existentiae</strong></span> <span class='ocrx_word' id='word_1_64' title='bbox 998 1495 1227 1576; x_wconf 85' lang='lat' dir='ltr'><strong>privatorum</strong></span> 
     </span>
     <span class='ocr_line' id='line_1_12' title="bbox 108 1597 1226 1682; baseline 0.003 -21"><span class='ocrx_word' id='word_1_65' title='bbox 108 1597 328 1681; x_wconf 82' lang='lat' dir='ltr'><strong>acquisitioni</strong></span> <span class='ocrx_word' id='word_1_66' title='bbox 358 1599 510 1664; x_wconf 87' lang='lat' dir='ltr'><strong>limitem</strong></span> <span class='ocrx_word' id='word_1_67' title='bbox 539 1617 689 1682; x_wconf 90' lang='lat' dir='ltr'><strong>ponere,</strong></span> <span class='ocrx_word' id='word_1_68' title='bbox 708 1605 835 1682; x_wconf 89' lang='lat' dir='ltr'><strong>utpote</strong></span> <span class='ocrx_word' id='word_1_69' title='bbox 867 1598 1226 1682; x_wconf 86' lang='lat' dir='ltr'><strong>defensorjuridicus</strong></span> 
     </span>
     <span class='ocr_line' id='line_1_13' title="bbox 106 1705 1224 1790; baseline 0.003 -23"><span class='ocrx_word' id='word_1_70' title='bbox 106 1706 283 1770; x_wconf 89' lang='lat' dir='ltr'><strong>societatis</strong></span> <span class='ocrx_word' id='word_1_71' title='bbox 302 1705 423 1770; x_wconf 89' lang='lat' dir='ltr'><strong>civilis</strong></span> <span class='ocrx_word' id='word_1_72' title='bbox 449 1707 626 1771; x_wconf 85' lang='lat' dir='ltr'><strong>facultate</strong></span> <span class='ocrx_word' id='word_1_73' title='bbox 643 1706 829 1788; x_wconf 89' lang='lat' dir='ltr'><strong>praeditus</strong></span> <span class='ocrx_word' id='word_1_74' title='bbox 850 1707 971 1770; x_wconf 89' lang='lat' dir='ltr'><strong>omnia</strong></span> <span class='ocrx_word' id='word_1_75' title='bbox 998 1706 1224 1790; x_wconf 86' lang='lat' dir='ltr'><strong>removendi,</strong></span> 
     </span>
     <span class='ocr_line' id='line_1_14' title="bbox 106 1812 1227 1896; baseline 0.003 -21"><span class='ocrx_word' id='word_1_76' title='bbox 106 1828 194 1892; x_wconf 88' lang='lat' dir='ltr'><strong>quae</strong></span> <span class='ocrx_word' id='word_1_77' title='bbox 222 1812 327 1876; x_wconf 89' lang='lat' dir='ltr'><strong>illam</strong></span> <span class='ocrx_word' id='word_1_78' title='bbox 355 1812 503 1877; x_wconf 89' lang='lat' dir='ltr'><strong>laedere</strong></span> <span class='ocrx_word' id='word_1_79' title='bbox 532 1819 680 1896; x_wconf 89' lang='lat' dir='ltr'><strong>queant,</strong></span> <span class='ocrx_word' id='word_1_80' title='bbox 708 1814 761 1878; x_wconf 89' lang='lat' dir='ltr'><strong>ita</strong></span> <span class='ocrx_word' id='word_1_81' title='bbox 788 1813 899 1878; x_wconf 88' lang='lat' dir='ltr'><strong>etiam</strong></span> <span class='ocrx_word' id='word_1_82' title='bbox 928 1813 1154 1878; x_wconf 89' lang='lat' dir='ltr'><strong>conditiones</strong></span> <span class='ocrx_word' id='word_1_83' title='bbox 1182 1831 1227 1878; x_wconf 89' lang='lat' dir='ltr'><strong>ac</strong></span> 
     </span>
     <span class='ocr_line' id='line_1_15' title="bbox 107 1916 1226 2002; baseline 0.004 -22"><span class='ocrx_word' id='word_1_84' title='bbox 107 1916 230 1982; x_wconf 88' lang='lat' dir='ltr'><strong>limites</strong></span> <span class='ocrx_word' id='word_1_85' title='bbox 247 1917 437 1984; x_wconf 83' lang='lat' dir='ltr'><strong>Ecclesiae</strong></span> <span class='ocrx_word' id='word_1_86' title='bbox 455 1921 754 2002; x_wconf 87' lang='lat' dir='ltr'><strong>acquisitionibus</strong></span> <span class='ocrx_word' id='word_1_87' title='bbox 772 1919 962 2001; x_wconf 81' lang='lat' dir='ltr'><strong>assignare</strong></span> <span class='ocrx_word' id='word_1_88' title='bbox 981 1936 1102 2001; x_wconf 91' lang='lat' dir='ltr'><strong>posse;</strong></span> <span class='ocrx_word' id='word_1_89' title='bbox 1121 1937 1226 1984; x_wconf 89' lang='lat' dir='ltr'><strong>secus</strong></span> 
     </span>
     <span class='ocr_line' id='line_1_16' title="bbox 107 2024 1227 2108; baseline 0.003 -21"><span class='ocrx_word' id='word_1_90' title='bbox 107 2024 205 2106; x_wconf 88' lang='lat' dir='ltr'><strong>enim,</strong></span> <span class='ocrx_word' id='word_1_91' title='bbox 224 2025 341 2107; x_wconf 91' lang='lat' dir='ltr'><strong>ajunt,</strong></span> <span class='ocrx_word' id='word_1_92' title='bbox 360 2035 575 2108; x_wconf 87' lang='lat' dir='ltr'><strong>sequeretur</strong></span> <span class='ocrx_word' id='word_1_93' title='bbox 603 2032 736 2091; x_wconf 90' lang='lat' dir='ltr'><strong>cuncta</strong></span> <span class='ocrx_word' id='word_1_94' title='bbox 753 2027 849 2090; x_wconf 90' lang='lat' dir='ltr'><strong>bona</strong></span> <span class='ocrx_word' id='word_1_95' title='bbox 867 2026 1016 2090; x_wconf 90' lang='lat' dir='ltr'><strong>stabilia</strong></span> <span class='ocrx_word' id='word_1_96' title='bbox 1033 2027 1227 2108; x_wconf 85' lang='lat' dir='ltr'><strong>paullatim</strong></span> 
     </span>
     <span class='ocr_line' id='line_1_17' title="bbox 107 2128 1226 2215; baseline 0.004 -23"><span class='ocrx_word' id='word_1_97' title='bbox 107 2128 178 2194; x_wconf 85' lang='lat' dir='ltr'><strong>lieri</strong></span> <span class='ocrx_word' id='word_1_98' title='bbox 194 2129 397 2212; x_wconf 82' lang='lat' dir='ltr'><strong>Ecclesiae,</strong></span> <span class='ocrx_word' id='word_1_99' title='bbox 415 2149 461 2196; x_wconf 87' lang='lat' dir='ltr'><strong>cc</strong></span> <span class='ocrx_word' id='word_1_100' title='bbox 477 2131 630 2214; x_wconf 89' lang='lat' dir='ltr'><strong>proinde</strong></span> <span class='ocrx_word' id='word_1_101' title='bbox 646 2131 877 2215; x_wconf 89' lang='lat' dir='ltr'><strong>Principibus</strong></span> <span class='ocrx_word' id='word_1_102' title='bbox 896 2131 1148 2196; x_wconf 88' lang='lat' dir='ltr'><strong>saecularibus</strong></span> <span class='ocrx_word' id='word_1_103' title='bbox 1167 2131 1226 2196; x_wconf 92' lang='lat' dir='ltr'><strong>de·</strong></span> 
     </span>
     <span class='ocr_line' id='line_1_18' title="bbox 107 2234 1227 2322; baseline 0.004 -24"><span class='ocrx_word' id='word_1_104' title='bbox 107 2234 208 2302; x_wconf 86' lang='lat' dir='ltr'><strong>ficere</strong></span> <span class='ocrx_word' id='word_1_105' title='bbox 235 2239 459 2303; x_wconf 87' lang='lat' dir='ltr'><strong>territorium</strong></span> <span class='ocrx_word' id='word_1_106' title='bbox 485 2239 522 2302; x_wconf 94' lang='lat' dir='ltr'><strong>in</strong></span> <span class='ocrx_word' id='word_1_107' title='bbox 549 2257 620 2322; x_wconf 91' lang='lat' dir='ltr'><strong>quo</strong></span> <span class='ocrx_word' id='word_1_108' title='bbox 642 2239 728 2321; x_wconf 77' lang='lat' dir='ltr'><strong>Jura</strong></span> <span class='ocrx_word' id='word_1_109' title='bbox 756 2255 824 2303; x_wconf 91' lang='lat' dir='ltr'><strong>sua</strong></span> <span class='ocrx_word' id='word_1_110' title='bbox 852 2239 1093 2321; x_wconf 87' lang='lat' dir='ltr'><strong>explicarent,</strong></span> <span class='ocrx_word' id='word_1_111' title='bbox 1112 2245 1177 2302; x_wconf 89' lang='lat' dir='ltr'><strong>aut</strong></span> <span class='ocrx_word' id='word_1_112' title='bbox 1204 2257 1227 2302; x_wconf 91' lang='lat' dir='ltr'><strong>a</strong></span> 
     </span>
     <span class='ocr_line' id='line_1_19' title="bbox 108 2345 1227 2428; baseline 0.004 -22"><span class='ocrx_word' id='word_1_113' title='bbox 108 2360 170 2424; x_wconf 91' lang='lat' dir='ltr'><strong>quo</strong></span> <span class='ocrx_word' id='word_1_114' title='bbox 197 2347 355 2411; x_wconf 89' lang='lat' dir='ltr'><strong>societas</strong></span> <span class='ocrx_word' id='word_1_115' title='bbox 374 2346 494 2411; x_wconf 89' lang='lat' dir='ltr'><strong>civilis</strong></span> <span class='ocrx_word' id='word_1_116' title='bbox 512 2345 650 2410; x_wconf 91' lang='lat' dir='ltr'><strong>tributa</strong></span> <span class='ocrx_word' id='word_1_117' title='bbox 678 2347 843 2412; x_wconf 88' lang='lat' dir='ltr'><strong>hauriret</strong></span> <span class='ocrx_word' id='word_1_118' title='bbox 875 2346 922 2410; x_wconf 92' lang='lat' dir='ltr'><strong>ad</strong></span> <span class='ocrx_word' id='word_1_119' title='bbox 949 2362 1064 2410; x_wconf 87' lang='lat' dir='ltr'><strong>onera</strong></span> <span class='ocrx_word' id='word_1_120' title='bbox 1080 2345 1227 2428; x_wconf 87' lang='lat' dir='ltr'><strong>publica</strong></span> 
     </span>
     <span class='ocr_line' id='line_1_20' title="bbox 107 2449 262 2517; baseline 0.032 -5"><span class='ocrx_word' id='word_1_121' title='bbox 107 2449 262 2517; x_wconf 80' lang='lat' dir='ltr'><strong>terenda.</strong></span> 
     </span>
    </p>

    <p class='ocr_par' dir='ltr' id='par_1_5' title="bbox 107 2555 1226 3917">
     <span class='ocr_line' id='line_1_21' title="bbox 187 2555 1225 2641; baseline 0.003 -19"><span class='ocrx_word' id='word_1_122' title='bbox 187 2555 319 2622; x_wconf 88' lang='lat' dir='ltr'><strong>Schola</strong></span> <span class='ocrx_word' id='word_1_123' title='bbox 348 2561 471 2623; x_wconf 90' lang='lat' dir='ltr'><strong>autem</strong></span> <span class='ocrx_word' id='word_1_124' title='bbox 496 2559 677 2640; x_wconf 84' lang='lat' dir='ltr'><strong>catholica,</strong></span> <span class='ocrx_word' id='word_1_125' title='bbox 695 2575 803 2641; x_wconf 87' lang='lat' dir='ltr'><strong>quam</strong></span> <span class='ocrx_word' id='word_1_126' title='bbox 830 2558 1008 2624; x_wconf 88' lang='lat' dir='ltr'><strong>neoterici</strong></span> <span class='ocrx_word' id='word_1_127' title='bbox 1037 2559 1225 2625; x_wconf 82' lang='lat' dir='ltr'><strong>ultramon-</strong></span> 
     </span>
     <span class='ocr_line' id='line_1_22' title="bbox 107 2664 1225 2748; baseline 0.004 -23"><span class='ocrx_word' id='word_1_128' title='bbox 107 2669 217 2729; x_wconf 81' lang='lat' dir='ltr'><strong>tanum</strong></span> <span class='ocrx_word' id='word_1_129' title='bbox 233 2664 470 2729; x_wconf 85' lang='lat' dir='ltr'><strong>denominare</strong></span> <span class='ocrx_word' id='word_1_130' title='bbox 487 2664 619 2744; x_wconf 88' lang='lat' dir='ltr'><strong>solent,</strong></span> <span class='ocrx_word' id='word_1_131' title='bbox 638 2664 707 2729; x_wconf 91' lang='lat' dir='ltr'><strong>hoc</strong></span> <span class='ocrx_word' id='word_1_132' title='bbox 723 2665 991 2748; x_wconf 79' lang='lat' dir='ltr'><strong>Regalistarum</strong></span> <span class='ocrx_word' id='word_1_133' title='bbox 1009 2665 1225 2731; x_wconf 85' lang='lat' dir='ltr'><strong>deliramen-</strong></span> 
     </span>
     <span class='ocr_line' id='line_1_23' title="bbox 108 2771 1225 2854; baseline 0.005 -23"><span class='ocrx_word' id='word_1_134' title='bbox 108 2773 176 2833; x_wconf 89' lang='lat' dir='ltr'><strong>tum</strong></span> <span class='ocrx_word' id='word_1_135' title='bbox 204 2771 348 2852; x_wconf 91' lang='lat' dir='ltr'><strong>penitus</strong></span> <span class='ocrx_word' id='word_1_136' title='bbox 378 2771 530 2854; x_wconf 89' lang='lat' dir='ltr'><strong>respuit,</strong></span> <span class='ocrx_word' id='word_1_137' title='bbox 549 2773 709 2854; x_wconf 90' lang='lat' dir='ltr'><strong>totisque</strong></span> <span class='ocrx_word' id='word_1_138' title='bbox 739 2771 878 2836; x_wconf 88' lang='lat' dir='ltr'><strong>viribus</strong></span> <span class='ocrx_word' id='word_1_139' title='bbox 894 2788 961 2853; x_wconf 95' lang='lat' dir='ltr'><strong>pro</strong></span> <span class='ocrx_word' id='word_1_140' title='bbox 979 2772 1053 2836; x_wconf 89' lang='lat' dir='ltr'><strong>aris</strong></span> <span class='ocrx_word' id='word_1_141' title='bbox 1081 2777 1119 2837; x_wconf 94' lang='lat' dir='ltr'><strong>et</strong></span> <span class='ocrx_word' id='word_1_142' title='bbox 1134 2773 1225 2838; x_wconf 86' lang='lat' dir='ltr'><strong>iocis</strong></span> 
     </span>
     <span class='ocr_line' id='line_1_24' title="bbox 108 2875 1226 2962; baseline 0.004 -24"><span class='ocrx_word' id='word_1_143' title='bbox 108 2880 219 2940; x_wconf 90' lang='lat' dir='ltr'><strong>tuetur</strong></span> <span class='ocrx_word' id='word_1_144' title='bbox 236 2877 338 2940; x_wconf 89' lang='lat' dir='ltr'><strong>nullo</strong></span> <span class='ocrx_word' id='word_1_145' title='bbox 356 2881 465 2958; x_wconf 91' lang='lat' dir='ltr'><strong>pacto</strong></span> <span class='ocrx_word' id='word_1_146' title='bbox 489 2877 650 2960; x_wconf 86' lang='lat' dir='ltr'><strong>Principi</strong></span> <span class='ocrx_word' id='word_1_147' title='bbox 668 2877 729 2942; x_wconf 90' lang='lat' dir='ltr'><strong>vel</strong></span> <span class='ocrx_word' id='word_1_148' title='bbox 755 2878 856 2943; x_wconf 90' lang='lat' dir='ltr'><strong>civili</strong></span> <span class='ocrx_word' id='word_1_149' title='bbox 880 2875 998 2943; x_wconf 88' lang='lat' dir='ltr'><strong>Statni</strong></span> <span class='ocrx_word' id='word_1_150' title='bbox 1016 2887 1226 2962; x_wconf 87' lang='lat' dir='ltr'><strong>competere</strong></span> 
     </span>
     <span class='ocr_line' id='line_1_25' title="bbox 108 2983 1226 3069; baseline 0.005 -25"><span class='ocrx_word' id='word_1_151' title='bbox 108 2989 334 3062; x_wconf 88' lang='lat' dir='ltr'><strong>praetensum</strong></span> <span class='ocrx_word' id='word_1_152' title='bbox 359 2984 419 3065; x_wconf 90' lang='lat' dir='ltr'><strong>jus</strong></span> <span class='ocrx_word' id='word_1_153' title='bbox 447 2984 723 3048; x_wconf 87' lang='lat' dir='ltr'><strong>limitationibus</strong></span> <span class='ocrx_word' id='word_1_154' title='bbox 753 2983 1074 3050; x_wconf 90' lang='lat' dir='ltr'><strong>circumscribendi</strong></span> <span class='ocrx_word' id='word_1_155' title='bbox 1103 2987 1226 3069; x_wconf 89' lang='lat' dir='ltr'><strong>acqui·</strong></span> 
     </span>
     <span class='ocr_line' id='line_1_26' title="bbox 108 3087 1224 3172; baseline 0.005 -24"><span class='ocrx_word' id='word_1_156' title='bbox 108 3087 248 3154; x_wconf 88' lang='lat' dir='ltr'><strong>sitiones</strong></span> <span class='ocrx_word' id='word_1_157' title='bbox 263 3089 466 3154; x_wconf 86' lang='lat' dir='ltr'><strong>Ecclesiae:</strong></span> <span class='ocrx_word' id='word_1_158' title='bbox 485 3091 663 3172; x_wconf 89' lang='lat' dir='ltr'><strong>ejusmodi</strong></span> <span class='ocrx_word' id='word_1_159' title='bbox 681 3095 899 3171; x_wconf 88' lang='lat' dir='ltr'><strong>potestatem</strong></span> <span class='ocrx_word' id='word_1_160' title='bbox 918 3091 1090 3156; x_wconf 89' lang='lat' dir='ltr'><strong>catholici</strong></span> <span class='ocrx_word' id='word_1_161' title='bbox 1108 3110 1130 3155; x_wconf 92' lang='lat' dir='ltr'><strong>a</strong></span> <span class='ocrx_word' id='word_1_162' title='bbox 1148 3091 1224 3156; x_wconf 88' lang='lat' dir='ltr'><strong>Sta-</strong></span> 
     </span>
     <span class='ocr_line' id='line_1_27' title="bbox 109 3195 1225 3282; baseline 0.004 -25"><span class='ocrx_word' id='word_1_163' title='bbox 109 3199 143 3257; x_wconf 91' lang='lat' dir='ltr'><strong>tu</strong></span> <span class='ocrx_word' id='word_1_164' title='bbox 158 3195 380 3277; x_wconf 87' lang='lat' dir='ltr'><strong>abjudicant:</strong></span> <span class='ocrx_word' id='word_1_165' title='bbox 398 3196 427 3282; x_wconf 77' lang='lat'><strong>⁸)</strong></span> <span class='ocrx_word' id='word_1_166' title='bbox 444 3198 528 3278; x_wconf 91' lang='lat' dir='ltr'><strong>quia</strong></span> <span class='ocrx_word' id='word_1_167' title='bbox 552 3197 761 3261; x_wconf 89' lang='lat' dir='ltr'><strong>laederetur</strong></span> <span class='ocrx_word' id='word_1_168' title='bbox 777 3197 1031 3262; x_wconf 87' lang='lat' dir='ltr'><strong>ecclesiastica</strong></span> <span class='ocrx_word' id='word_1_169' title='bbox 1058 3198 1225 3261; x_wconf 91' lang='lat' dir='ltr'><strong>immuni-</strong></span> 
     </span>
     <span class='ocr_line' id='line_1_28' title="bbox 109 3302 1225 3385; baseline 0.004 -23"><span class='ocrx_word' id='word_1_170' title='bbox 109 3303 285 3382; x_wconf 90' lang='lat' dir='ltr'><strong>tas;nam,</strong></span> <span class='ocrx_word' id='word_1_171' title='bbox 304 3302 417 3366; x_wconf 90' lang='lat' dir='ltr'><strong>semel</strong></span> <span class='ocrx_word' id='word_1_172' title='bbox 446 3303 605 3367; x_wconf 86' lang='lat' dir='ltr'><strong>admissa</strong></span> <span class='ocrx_word' id='word_1_173' title='bbox 638 3303 816 3368; x_wconf 84' lang='lat' dir='ltr'><strong>facultate</strong></span> <span class='ocrx_word' id='word_1_174' title='bbox 846 3303 1053 3385; x_wconf 88' lang='lat' dir='ltr'><strong>Principum</strong></span> <span class='ocrx_word' id='word_1_175' title='bbox 1085 3302 1132 3366; x_wconf 92' lang='lat' dir='ltr'><strong>ad</strong></span> <span class='ocrx_word' id='word_1_176' title='bbox 1161 3320 1225 3367; x_wconf 91' lang='lat' dir='ltr'><strong>suo</strong></span> 
     </span>
     <span class='ocr_line' id='line_1_29' title="bbox 110 3405 1226 3492; baseline 0.006 -25"><span class='ocrx_word' id='word_1_177' title='bbox 110 3405 213 3472; x_wconf 91' lang='lat' dir='ltr'><strong>lubitu</strong></span> <span class='ocrx_word' id='word_1_178' title='bbox 224 3407 518 3491; x_wconf 81' lang='lat' dir='ltr'><strong>restringendam</strong></span> <span class='ocrx_word' id='word_1_179' title='bbox 528 3408 589 3474; x_wconf 81' lang='lat' dir='ltr'><strong>vel</strong></span> <span class='ocrx_word' id='word_1_180' title='bbox 603 3410 748 3473; x_wconf 91' lang='lat' dir='ltr'><strong>omnino</strong></span> <span class='ocrx_word' id='word_1_181' title='bbox 759 3408 1021 3492; x_wconf 89' lang='lat' dir='ltr'><strong>prohibendam</strong></span> <span class='ocrx_word' id='word_1_182' title='bbox 1033 3407 1226 3474; x_wconf 84' lang='lat' dir='ltr'><strong>fundorum</strong></span> 
     </span>
     <span class='ocr_line' id='line_1_30' title="bbox 110 3514 1225 3598; baseline 0.005 -24"><span class='ocrx_word' id='word_1_183' title='bbox 110 3515 390 3596; x_wconf 86' lang='lat' dir='ltr'><strong>acquisitionem,</strong></span> <span class='ocrx_word' id='word_1_184' title='bbox 421 3514 587 3580; x_wconf 87' lang='lat' dir='ltr'><strong>Ecclesia</strong></span> <span class='ocrx_word' id='word_1_185' title='bbox 614 3533 717 3579; x_wconf 91' lang='lat' dir='ltr'><strong>suam</strong></span> <span class='ocrx_word' id='word_1_186' title='bbox 746 3533 953 3598; x_wconf 87' lang='lat' dir='ltr'><strong>supremam</strong></span> <span class='ocrx_word' id='word_1_187' title='bbox 982 3515 1225 3597; x_wconf 89' lang='lat' dir='ltr'><strong>independen-</strong></span> 
     </span>
     <span class='ocr_line' id='line_1_31' title="bbox 110 3617 1226 3704; baseline 0.005 -24"><span class='ocrx_word' id='word_1_188' title='bbox 110 3617 187 3684; x_wconf 87' lang='lat' dir='ltr'><strong>tiam</strong></span> <span class='ocrx_word' id='word_1_189' title='bbox 204 3621 403 3702; x_wconf 89' lang='lat' dir='ltr'><strong>amitteret,</strong></span> <span class='ocrx_word' id='word_1_190' title='bbox 423 3625 459 3685; x_wconf 90' lang='lat' dir='ltr'><strong>et</strong></span> <span class='ocrx_word' id='word_1_191' title='bbox 476 3639 498 3684; x_wconf 94' lang='lat' dir='ltr'><strong>a</strong></span> <span class='ocrx_word' id='word_1_192' title='bbox 512 3622 702 3685; x_wconf 85' lang='lat' dir='ltr'><strong>voluntate</strong></span> <span class='ocrx_word' id='word_1_193' title='bbox 719 3619 944 3686; x_wconf 88' lang='lat' dir='ltr'><strong>Summorum</strong></span> <span class='ocrx_word' id='word_1_194' title='bbox 962 3621 1226 3704; x_wconf 91' lang='lat' dir='ltr'><strong>Imperantium</strong></span> 
     </span>
     <span class='ocr_line' id='line_1_32' title="bbox 110 3723 1226 3812; baseline 0.004 -25"><span class='ocrx_word' id='word_1_195' title='bbox 110 3723 144 3787; x_wconf 90' lang='lat' dir='ltr'><strong>in</strong></span> <span class='ocrx_word' id='word_1_196' title='bbox 156 3727 469 3792; x_wconf 88' lang='lat' dir='ltr'><strong>administratione</strong></span> <span class='ocrx_word' id='word_1_197' title='bbox 485 3745 605 3793; x_wconf 90' lang='lat' dir='ltr'><strong>rerum</strong></span> <span class='ocrx_word' id='word_1_198' title='bbox 623 3728 878 3810; x_wconf 88' lang='lat' dir='ltr'><strong>temporalium</strong></span> <span class='ocrx_word' id='word_1_199' title='bbox 892 3728 1082 3811; x_wconf 88' lang='lat' dir='ltr'><strong>penderet;</strong></span> <span class='ocrx_word' id='word_1_200' title='bbox 1099 3726 1125 3812; x_wconf 74' lang='lat' dir='ltr'><strong>l)</strong></span> <span class='ocrx_word' id='word_1_201' title='bbox 1141 3729 1226 3810; x_wconf 90' lang='lat' dir='ltr'><strong>qnia</strong></span> 
     </span>
     <span class='ocr_line' id='line_1_33' title="bbox 111 3826 1224 3917; baseline 0.004 -24"><span class='ocrx_word' id='word_1_202' title='bbox 111 3826 196 3898; x_wconf 87' lang='lat' dir='ltr'><strong>haud</strong></span> <span class='ocrx_word' id='word_1_203' title='bbox 211 3851 298 3898; x_wconf 92' lang='lat' dir='ltr'><strong>raro</strong></span> <span class='ocrx_word' id='word_1_204' title='bbox 316 3831 482 3899; x_wconf 89' lang='lat' dir='ltr'><strong>Ecclesia</strong></span> <span class='ocrx_word' id='word_1_205' title='bbox 495 3834 670 3900; x_wconf 90' lang='lat' dir='ltr'><strong>devenire</strong></span> <span class='ocrx_word' id='word_1_206' title='bbox 686 3837 810 3917; x_wconf 91' lang='lat' dir='ltr'><strong>posset</strong></span> <span class='ocrx_word' id='word_1_207' title='bbox 823 3834 861 3898; x_wconf 92' lang='lat' dir='ltr'><strong>in</strong></span> <span class='ocrx_word' id='word_1_208' title='bbox 874 3833 1118 3899; x_wconf 90' lang='lat' dir='ltr'><strong>conditionem</strong></span> <span class='ocrx_word' id='word_1_209' title='bbox 1133 3833 1224 3899; x_wconf 91' lang='lat' dir='ltr'><strong>adeo</strong></span> 
     </span>
    </p>
   </div>
   <div class='ocr_carea' id='block_1_3' title="bbox 114 3991 316 4006">
    <p class='ocr_par' dir='ltr' id='par_1_6' title="bbox 114 3991 316 4006">
     <span class='ocr_line' id='line_1_34' title="bbox 114 3991 316 4006; baseline 0 0"><span class='ocrx_word' id='word_1_210' title='bbox 114 3991 316 4006; x_wconf 61' lang='lat'>-———</span> 
     </span>
    </p>
   </div>
   <div class='ocr_carea' id='block_1_4' title="bbox 113 4119 1227 4284">
    <p class='ocr_par' dir='ltr' id='par_1_7' title="bbox 113 4119 1227 4284">
     <span class='ocr_line' id='line_1_35' title="bbox 172 4119 1227 4212; baseline 0.002 -18"><span class='ocrx_word' id='word_1_211' title='bbox 172 4141 209 4208; x_wconf 90' lang='lat' dir='ltr'><strong>(l)</strong></span> <span class='ocrx_word' id='word_1_212' title='bbox 245 4141 302 4206; x_wconf 87' lang='lat' dir='ltr'><strong>Qui</strong></span> <span class='ocrx_word' id='word_1_213' title='bbox 314 4143 396 4210; x_wconf 85' lang='lat' dir='ltr'><strong>plura</strong></span> <span class='ocrx_word' id='word_1_214' title='bbox 408 4143 444 4198; x_wconf 89' lang='lat' dir='ltr'><strong>de</strong></span> <span class='ocrx_word' id='word_1_215' title='bbox 458 4145 512 4198; x_wconf 92' lang='lat' dir='ltr'><strong>hoc</strong></span> <span class='ocrx_word' id='word_1_216' title='bbox 522 4119 690 4210; x_wconf 76' lang='lat' dir='ltr'><strong>argumento</strong></span> <span class='ocrx_word' id='word_1_217' title='bbox 701 4144 805 4211; x_wconf 86' lang='lat' dir='ltr'><strong>cupiat,</strong></span> <span class='ocrx_word' id='word_1_218' title='bbox 816 4143 948 4197; x_wconf 87' lang='lat' dir='ltr'><strong>consulat</strong></span> <span class='ocrx_word' id='word_1_219' title='bbox 960 4145 1136 4211; x_wconf 82' lang='lat' dir='ltr'><strong>praeclarum</strong></span> <span class='ocrx_word' id='word_1_220' title='bbox 1147 4144 1227 4212; x_wconf 89' lang='lat' dir='ltr'><strong>Opus</strong></span> 
     </span>
     <span class='ocr_line' id='line_1_36' title="bbox 113 4207 1226 4284; baseline 0.005 -23"><span class='ocrx_word' id='word_1_221' title='bbox 113 4207 256 4266; x_wconf 83' lang='lat' dir='ltr'><strong>hlamachii</strong></span> <span class='ocrx_word' id='word_1_222' title='bbox 275 4214 369 4268; x_wconf 87' lang='lat' dir='ltr'><strong>italice</strong></span> <span class='ocrx_word' id='word_1_223' title='bbox 388 4215 536 4284; x_wconf 85' lang='lat' dir='ltr'><strong>scriptum,</strong></span> <span class='ocrx_word' id='word_1_224' title='bbox 548 4217 594 4268; x_wconf 88' lang='lat' dir='ltr'><strong>cui</strong></span> <span class='ocrx_word' id='word_1_225' title='bbox 615 4215 724 4268; x_wconf 89' lang='lat' dir='ltr'><strong>titulus:</strong></span> <span class='ocrx_word' id='word_1_226' title='bbox 738 4211 879 4268; x_wconf 79' lang='lat' dir='ltr'><strong>Delibero</strong></span> <span class='ocrx_word' id='word_1_227' title='bbox 897 4211 1037 4269; x_wconf 78' lang='lat' dir='ltr'><strong>Ecclesiae</strong></span> <span class='ocrx_word' id='word_1_228' title='bbox 1053 4213 1119 4284; x_wconf 79' lang='lat' dir='ltr'><strong>jure</strong></span> <span class='ocrx_word' id='word_1_229' title='bbox 1136 4211 1226 4282; x_wconf 78' lang='lat' dir='ltr'><strong>acqui·</strong></span> 
     </span>
    </p>
   </div>
   <div class='ocr_carea' id='block_1_5' title="bbox 114 4281 389 4352">
    <p class='ocr_par' dir='ltr' id='par_1_8' title="bbox 114 4281 389 4352">
     <span class='ocr_line' id='line_1_37' title="bbox 114 4281 389 4352; baseline 0.011 -16"><span class='ocrx_word' id='word_1_230' title='bbox 114 4281 389 4352; x_wconf 59' lang='lat' dir='ltr'><strong>masmana.</strong></span> 
     </span>
    </p>
   </div>
   <div class='ocr_carea' id='block_1_6' title="bbox 0 0 1542 4994">
    <p class='ocr_par' dir='ltr' id='par_1_9' title="bbox 0 0 1542 4994">
     <span class='ocr_line' id='line_1_38' title="bbox 0 0 1542 4994; baseline 0 0"><span class='ocrx_word' id='word_1_231' title='bbox 0 0 1542 4994; x_wconf 95' lang='lat' dir='ltr'><strong> </strong></span> 
     </span>
    </p>
   </div>
  </div>
 </body>
</html>
