3058 4994
773 409 809 424 -
832 378 951 438 452-

298 541 347 590 ex
361 523 507 590 arbitris
521 522 680 588 tribunal
694 521 1009 588 constituentibus.
1024 519 1347 605 Supervacaneum
1362 537 1424 585 no·

299 631 355 696 bis
372 630 517 696 videtur
530 645 735 694 sermonem
752 627 968 713 protrahere
982 627 1151 710 exempla
1168 627 1370 694 arbitratus
1386 627 1427 691 in

297 737 455 803 medium
469 735 703 818 proferendo,
718 736 853 818 quippe
867 736 1033 820 omnibus
1045 734 1233 800 notissima
1246 741 1331 798 sunt
1344 751 1425 799 sen·

299 846 415 910 tentia
434 843 640 908 [tribunalis
670 841 896 908 Geneveusis
913 842 1106 908 occasione
1121 841 1260 924 navigii
1288 841 1424 906 Alaba·

301 969 360 1016 ma
377 951 465 1016 dicti
495 967 591 1016 anno
610 949 693 1014 1871
713 953 842 1014 contra
859 948 1029 1031 Angliam
1058 948 1134 1012 lata
1164 947 1210 1012 ob
1244 948 1425 1012 violatam

301 1057 573 1122 neutralitatem
597 1057 634 1121 in
658 1057 754 1122 bello
772 1055 989 1120 secessionis
1006 1054 1101 1120 inter
1123 1052 1246 1118 Status
1275 1052 1427 1136 Septen-

302 1164 478 1228 trionalee
495 1169 605 1246 atque
630 1162 821 1228 Australes
839 1161 991 1226 Unionis
1019 1161 1274 1242 Americanee‚
1306 1167 1344 1224 et
1371 1177 1427 1224 re·

303 1271 512 1334 cautissima
527 1273 649 1334 aetate
668 1269 879 1352 frequentes
893 1267 1091 1332 arbitratus
1108 1267 1310 1349 Hispaniae
1338 1283 1428 1348 erga

303 1377 541 1460 Respublicas
561 1376 738 1458 Hispano·
756 1375 1007 1455 Americanas,
1028 1376 1243 1456 praesertim
1262 1373 1426 1438 celeber·

304 1483 418 1548 rimae
446 1482 647 1548 decisiones
677 1500 743 1566 pro
761 1481 927 1546 finiendis
956 1481 1129 1546 limitibus
1156 1481 1251 1546 inter
1287 1479 1424 1546 Colom·

302 1590 400 1654 biam
417 1595 453 1654 et
471 1589 709 1670 Veneticlam,
731 1605 874 1654 neuneu
903 1605 968 1670 pro
1000 1587 1178 1652 solvenda
1211 1587 1428 1669 quaestione

303 1698 398 1762 inter
414 1697 561 1760 italiam
578 1701 615 1760 et
634 1694 857 1760 Oolombiam
876 1699 1018 1760 exorta.

394 1805 469 1868 120.
517 1803 618 1868 inter
650 1803 769 1868 media
808 1804 962 1886 pacifica
995 1803 1078 1868 lites
1122 1803 1428 1868 internetionales

305 1910 545 1992 componendi
574 1916 794 1992 postremum
827 1910 946 1974 locum
962 1911 1126 1976 obtinent
1145 1907 1355 1994 Conpressas
1378 1893 1427 1972 ‘ac

308 2017 514 2086 Collatioacs
527 2017 706 2082 interdum
727 2017 856 2082 habita
872 2016 919 2082 ad
936 2017 1112 2098 ejusmodi
1140 2034 1293 2098 scopum
1322 2015 1424 2080 attin·

305 2123 474 2204 gendum.

396 2227 441 2292 Et
453 2245 542 2292 saue
559 2228 628 2292 hoc
645 2226 873 2310 apertissime
892 2231 1004 2309 patet,
1035 2227 1114 2292 sive
1144 2229 1324 2309 eJusmodi
1342 2226 1423 2294 Goe-

306 2343 363 2400 tus
378 2335 523 2400 theorice
535 2340 760 2416 spectentur,
775 2333 1024 2399 sivabietorice
1036 2335 1290 2416 inspiciantur.

395 2439 467 2506 Sub
484 2445 635 2523 aspectu
654 2441 802 2506 theorico
817 2441 913 2522 apud
925 2440 946 2504 J
951 2441 1024 2504 uris
1039 2440 1339 2508 luternationalis
1368 2458 1423 2524 pe-

307 2547 395 2612 ritos
412 2565 470 2611 res
487 2547 680 2628 explorata
697 2555 752 2610 est
780 2545 1003 2628 Congressus
1032 2547 1353 2628 internetionales,
1382 2548 1422 2612 si·

308 2659 369 2718 cut
400 2651 554 2717 Comitia
584 2653 783 2732 nationum,
817 2653 953 2736 duplici
985 2654 1219 2718 attributione
1251 2655 1422 2736 gaudere,

308 2761 518 2844 legislativa
534 2777 664 2842 nempe
682 2760 728 2825 ad
745 2760 908 2841 regulam
923 2761 1118 2840 Juridicam
1135 2779 1200 2826 seu
1217 2761 1337 2844 legem
1354 2759 1422 2824 uni·

308 2869 490 2932 versalem
504 2865 663 2932 Statibus
681 2867 953 2948 injungendam,
973 2874 1082 2950 atque
1100 2869 1250 2950 politica
1276 2887 1343 2950 pro
1369 2884 1423 2932 ne·

308 2975 416 3058 gotiis
430 2973 658 3038 moderandis
676 2983 712 3036 et
730 2974 955 3038 conflictibus
969 2974 1064 3038 inter
1081 2980 1208 3056 gentes
1228 2974 1422 3052 solvendis;

310 3080 429 3164 quoad
447 3099 535 3144 vero
554 3079 773 3146 Collationes
791 3089 1016 3162 compertum
1033 3083 1142 3146 etiam
1175 3087 1231 3146 est
1248 3081 1421 3163 hujusmo·

310 3188 346 3252 di
364 3187 574 3252 Conventus
591 3187 726 3268 duplici
743 3204 885 3269 quoque
902 3205 1051 3252 munere
1064 3189 1178 3271 fungi,
1194 3189 1361 3253 nimirum
1375 3187 1423 3251 fa·-

311 3295 446 3360 cultate
474 3295 660 3358 essentiali
677 3312 741 3358 seu
758 3294 1052 3358 administrativa
1079 3295 1200 3360 adres
1218 3294 1421 3360 internetio-

310 3403 413 3466 nales
427 3402 563 3466 ordinis
586 3401 809 3464 oeconomici
839 3403 1019 3464 communi
1041 3401 1182 3466 calculo
1202 3401 1422 3479 statuendas,

310 3510 426 3575 veluti
469 3508 637 3574 unionem
679 3509 909 3588 veregariam
933 3508 1094 3592 (postal),
1141 3509 1311 3574 unionem
1343 3508 1420 3572 tele-

311 3615 536 3696 graphicam,
554 3615 727 3678 unitatem
741 3612 976 3695 ponderalem
991 3620 1026 3678 et
1040 3616 1284 3682 mensuralem
1298 3615 1355 3697 (de
1368 3630 1422 3696 pe·

311 3740 369 3787 scs
387 3739 410 3803 y
428 3722 617 3802 madidas),
648 3721 931 3786 uniformitatem
949 3724 1190 3788 nummariam
1223 3723 1282 3804 (de
1310 3735 1420 3788 mone·

311 3829 389 3913 das)
407 3829 553 3910 aliaque
566 3827 602 3892 id
615 3845 741 3910 genus,
759 3845 804 3892 ae
824 3827 953 3894 deinde
970 3829 1157 3894 functione
1172 3829 1337 3911 judiciali
1362 3841 1422 3908 pro

311 3935 521 4000 dirimendis
534 3935 807 4017 quaestionibus
826 3935 921 4000 inter
939 3934 1061 4000 Status
1076 3936 1225 4017 obortis,
1245 3954 1337 4019 quae
1354 3932 1419 4016 qui·

311 4044 392 4105 dem
408 4043 544 4105 functio
564 4059 661 4106 mere
680 4041 917 4105 accidentalis
939 4059 1003 4106 seu
1022 4043 1234 4110 transitoria
1250 4038 1421 4108 censenda

313 4153 379 4228 ost,
399 4148 533 4230 quippe
551 4157 700 4212 eatenus
715 4146 977 4212 Collationibus
995 4150 1165 4214 tribuitur
1193 4152 1348 4216 facultas
1369 4145 1416 4226 Ju-

313 4253 477 4334 dicteria,
497 4259 675 4335 quatenus
707 4255 864 4320 nondum
883 4256 987 4320 adest
1014 4255 1190 4322 Tribunal
1222 4253 1418 4322 internetio-
