3096 4986
326 695 395 760 tati
412 695 473 760 vel
489 696 633 762 civibus
644 697 779 762 noxiae
793 699 882 762 sint.

415 801 525 884 Reap.
544 804 597 868 l.⁰
643 801 817 869 Defensio
833 805 874 868 bt
902 812 986 886 post
1000 807 1272 888 aggressi-au
1299 811 1337 868 et
1373 823 1450 870 non

326 917 414 976 anto
430 912 617 994 impetum,
634 911 789 994 ideoque
810 913 927 997 placat
949 915 1094 997 πρίει,
1110 931 1192 976 cnm
1206 913 1255 976 sit
1270 929 1449 994 praeven-

327 1019 456 1098 tivum,
475 1017 692 1082 irrationale
709 1017 848 1094 evadit,
866 1020 954 1100 quia
969 1021 1142 1100 supponit
1156 1020 1371 1082 existentem
1393 1020 1450 1084 of·

326 1124 529 1190 sensionem
543 1123 704 1190 nondum
720 1125 874 1190 illatam:
892 1125 943 1190 2⁰
970 1126 1076 1188 tuitio
1102 1125 1181 1188 fieri
1204 1125 1313 1188 debet
1337 1125 1396 1190 bio
1411 1133 1453 1189 et

326 1247 437 1311 nunc,
455 1231 641 1314 praesenti
663 1241 860 1306 momento,
878 1249 962 1296 curn
978 1231 1085 1294 adest
1096 1231 1251 1308 invasio,
1268 1231 1450 1313 quiasup-

326 1341 431 1422 ponit
455 1339 639 1404 actualem
656 1339 941 1420 aggressionem
972 1337 1058 1402 binc
1073 1337 1237 1401 defensio
1253 1337 1451 1402 habitualis

325 1459 366 1511 et
382 1463 614 1528 permanans,
632 1463 741 1528 quam
754 1447 886 1529 reptata
897 1453 1107 1528 exsequatur
1123 1447 1306 1526 importat,
1323 1453 1379 1508 est
1401 1447 1450 1509 si·

327 1555 400 1618 mul
419 1553 574 1617 ridicula
589 1559 702 1633 atque
720 1552 869 1630 injusta,
887 1553 1023 1633 quippe
1039 1551 1177 1615 inducit
1199 1560 1265 1614 aut
1289 1551 1451 1615 admittit

325 1665 462 1724 statum
480 1659 540 1722 vel
558 1675 679 1722 rerum
698 1657 943 1722 conditionem
968 1676 1057 1722 vere
1072 1659 1365 1738 commentitiam,
1379 1657 1450 1721 Ec-

326 1767 463 1832 clesiae
472 1765 636 1829 tribuens
648 1767 858 1830 continuam
872 1765 1112 1828 offensionem
1135 1765 1196 1829 vel
1212 1765 1340 1828 saltem
1363 1782 1450 1828 con·

325 1879 484 1938 stantem
501 1870 691 1936 adoriendi
707 1883 891 1935 conatum:
905 1870 960 1936 3.⁰
973 1871 1149 1952 ejusmodi
1163 1872 1315 1954 praevia
1326 1871 1452 1935 delen·

325 1979 380 2046 sio
397 1997 445 2045 ex
467 1979 602 2064 placito
618 1977 776 2042 deducta
806 1977 996 2042 Ecclesiae
1019 1995 1248 2060 summopere
1274 1978 1452 2058 injuriosa

325 2087 505 2170 exsurgis
519 2085 812 2168 quandoquidem
829 2085 998 2166 agnoscit
1013 2089 1198 2166 tamquam
1223 2102 1367 2146 musam
1385 2091 1452 2148 aut

325 2211 454 2260 ansam
472 2199 714 2275 apparentem
733 2193 900 2255 timorem
920 2191 1124 2272 frequentis
1141 2190 1386 2272 aggressionis
1402 2207 1451 2254 ex

326 2311 433 2386 parte
450 2301 653 2380 Ecclesiae,
667 2317 747 2364 cum
767 2299 999 2380 exploratum
1011 2299 1059 2361 sit
1071 2315 1152 2361 eam
1168 2297 1353 2360 inculcare
1366 2297 1451 2360 obe·

325 2407 500 2472 dientiam
518 2405 760 2488 Principibus,
779 2413 816 2468 et
831 2405 991 2486 seipsam
1022 2405 1327 2485 incompetentem
1339 2403 1450 2467 lateri

326 2515 363 2580 in
381 2517 425 2580 iis
442 2531 538 2597 quae
566 2513 614 2578 ad
630 2512 794 2577 ordinem
819 2512 1058 2594 temporalem
1073 2515 1213 2576 tantmu
1226 2511 1448 2592 referuntur,

326 2621 422 2704 quod
439 2621 583 2704 quidem
612 2627 781 2686 removet
807 2619 996 2702 quodlibet
1026 2619 1219 2700 probabile
1246 2617 1448 2700 periculum

327 2727 574 2808 usurpationis
589 2745 653 2790 seu
671 2727 873 2790 invasionis
889 2744 911 2788 a
923 2724 1085 2790 Statibus
1103 2725 1261 2807 politicis
1278 2723 1339 2787 vel
1349 2721 1452 2787 Sum·

327 2834 394 2898 mis
406 2833 676 2915 Imperantibus
694 2833 904 2897 timendum.

417 2937 559 3019 Object.
578 2941 632 3002 2.*
678 2939 835 3021 Regibus
853 2957 897 3003 ac
910 2939 1152 3021 Principibus,
1182 2936 1319 3001 addunt
1335 2937 1450 3019 Rega-

326 3045 446 3126 listae,
462 3045 557 3108 inest
574 3045 778 3127 perlectum
793 3052 903 3126 atque
915 3045 1158 3108 indubitatum
1169 3046 1184 3124 j
1190 3061 1229 3107 us
1243 3063 1265 3106 a
1280 3061 1449 3126 quacum·

326 3169 397 3235 que
412 3151 598 3215 Ecclesiae
616 3150 942 3215 extralimitatione
958 3167 1039 3214 sese
1058 3151 1214 3216 cavendi
1245 3151 1282 3214 in
1317 3151 1450 3215 bonurn

326 3265 364 3322 et
380 3259 612 3323 securitatem
630 3257 816 3321 societatis
832 3257 963 3338 civilis,
981 3259 1040 3321 cui
1057 3258 1241 3340 regendae
1258 3276 1303 3322 ac
1330 3265 1448 3322 tutan·

326 3363 396 3428 dae
414 3365 688 3446 praeficiuntur;
708 3363 802 3427 sicut
815 3363 1026 3444 individuis,
1046 3369 1172 3446 utpote
1189 3363 1357 3428 membris
1371 3381 1450 3428 cor·

327 3472 426 3552 poris
443 3472 602 3552 socialis,
621 3471 757 3534 licitum
773 3487 917 3552 semper
935 3474 971 3533 et
988 3470 1170 3552 integrum
1189 3471 1271 3553 erit,
1288 3471 1371 3550 jure
1386 3487 1449 3533 na·

326 3581 431 3639 turae
449 3593 573 3640 omnes
586 3577 866 3658 praecautiones
883 3575 1071 3658 adhibere,
1087 3595 1182 3659 quae
1199 3577 1246 3641 ad
1278 3577 1450 3659 propriae

326 3681 545 3745 existentiae
562 3687 598 3744 et
626 3683 858 3746 necessariae
890 3683 1182 3747 conservationis
1208 3683 1359 3747 tutelam
1386 3681 1449 3744 du-

326 3791 426 3865 cunt;
444 3785 509 3849 sed
540 3793 725 3868 nequeunt
752 3787 940 3869 Principes
973 3789 1181 3852 saeculares
1216 3794 1252 3854 et
1281 3788 1447 3871 Supremi

325 3891 560 3972 Magistratus
575 3897 676 3957 recto
692 3897 729 3957 et
756 3899 832 3958 tuto
850 3911 997 3976 cavero,
1034 3895 1103 3959 nisi
1136 3896 1378 3978 praeventive
1392 3896 1446 3959 in-

325 3997 484 4078 spiciant
508 4003 617 4080 atque
644 3999 855 4063 examinent
886 3999 1170 4066 constitutiones
1202 4002 1446 4066 Romanorum

326 4102 551 4186 Pontificum,
565 4104 687 4186 gratia
704 4106 932 4186 approbandi
950 4107 1010 4172 vel
1027 4109 1250 4190 reprobandi
1266 4117 1369 4173 actus
1383 4125 1448 4172 seu

326 4208 582 4292 dispositiones
611 4211 885 4276 ecclesiasticae
914 4215 1156 4297 auctoritatis,
1176 4221 1284 4298 prout
1299 4217 1393 4280 bono
1412 4219 1449 4279 et
