<?xml version="1.0" encoding="UTF-8"?>
<!DOCTYPE html PUBLIC "-//W3C//DTD XHTML 1.0 Transitional//EN"
    "http://www.w3.org/TR/xhtml1/DTD/xhtml1-transitional.dtd">
<html xmlns="http://www.w3.org/1999/xhtml" xml:lang="en" lang="en">
 <head>
  <title>
</title>
<meta http-equiv="Content-Type" content="text/html;charset=utf-8" />
  <meta name='ocr-system' content='tesseract 3.04.00' />
  <meta name='ocr-capabilities' content='ocr_page ocr_carea ocr_par ocr_line ocrx_word'/>
</head>
<body>
  <div class='ocr_page' id='page_1' title='image "./juspublicumeccl00ferngoog_0156.png"; bbox 0 0 3062 4994; ppageno 0'>
   <div class='ocr_carea' id='block_1_1' title="bbox 553 403 733 463">
    <p class='ocr_par' dir='ltr' id='par_1_1' title="bbox 553 403 733 463">
     <span class='ocr_line' id='line_1_1' title="bbox 553 403 733 463; baseline 0 0"><span class='ocrx_word' id='word_1_1' title='bbox 553 403 733 463; x_wconf 83' lang='lat'>-151-</span> 
     </span>
    </p>
   </div>
   <div class='ocr_carea' id='block_1_2' title="bbox 94 545 1209 3797">
    <p class='ocr_par' dir='ltr' id='par_1_2' title="bbox 96 545 1203 1480">
     <span class='ocr_line' id='line_1_2' title="bbox 100 545 1199 630; baseline 0.005 -21"><span class='ocrx_word' id='word_1_2' title='bbox 100 546 207 610; x_wconf 93' lang='lat' dir='ltr'><strong>dorum</strong></span> <span class='ocrx_word' id='word_1_3' title='bbox 222 545 422 612; x_wconf 77' lang='lat' dir='ltr'><strong>Ecclesiam</strong></span> <span class='ocrx_word' id='word_1_4' title='bbox 434 549 576 613; x_wconf 88' lang='lat' dir='ltr'><strong>tautum</strong></span> <span class='ocrx_word' id='word_1_5' title='bbox 594 548 811 614; x_wconf 82' lang='lat' dir='ltr'><strong>instructam</strong></span> <span class='ocrx_word' id='word_1_6' title='bbox 827 565 907 614; x_wconf 88' lang='lat' dir='ltr'><strong>esse</strong></span> <span class='ocrx_word' id='word_1_7' title='bbox 922 549 1199 630; x_wconf 74' lang='lat' dir='ltr'><strong>affirmavimuS,</strong></span> 
     </span>
     <span class='ocr_line' id='line_1_3' title="bbox 99 652 1198 738; baseline 0.004 -22"><span class='ocrx_word' id='word_1_8' title='bbox 99 652 254 734; x_wconf 89' lang='lat' dir='ltr'><strong>reliquum</strong></span> <span class='ocrx_word' id='word_1_9' title='bbox 269 655 324 716; x_wconf 88' lang='lat' dir='ltr'><strong>est</strong></span> <span class='ocrx_word' id='word_1_10' title='bbox 336 653 561 736; x_wconf 88' lang='lat' dir='ltr'><strong>investigare</strong></span> <span class='ocrx_word' id='word_1_11' title='bbox 591 672 635 718; x_wconf 90' lang='lat' dir='ltr'><strong>ac</strong></span> <span class='ocrx_word' id='word_1_12' title='bbox 664 653 827 737; x_wconf 82' lang='lat' dir='ltr'><strong>delinire,</strong></span> <span class='ocrx_word' id='word_1_13' title='bbox 847 655 993 738; x_wconf 83' lang='lat' dir='ltr'><strong>quinam</strong></span> <span class='ocrx_word' id='word_1_14' title='bbox 1021 655 1198 721; x_wconf 78' lang='lat' dir='ltr'><strong>Ecclesiae</strong></span> 
     </span>
     <span class='ocr_line' id='line_1_4' title="bbox 98 757 1198 842; baseline 0.004 -22"><span class='ocrx_word' id='word_1_15' title='bbox 98 758 221 822; x_wconf 90' lang='lat' dir='ltr'><strong>nomine</strong></span> <span class='ocrx_word' id='word_1_16' title='bbox 236 757 465 841; x_wconf 86' lang='lat' dir='ltr'><strong>intelligendi</strong></span> <span class='ocrx_word' id='word_1_17' title='bbox 482 759 565 842; x_wconf 91' lang='lat' dir='ltr'><strong>sint,</strong></span> <span class='ocrx_word' id='word_1_18' title='bbox 585 777 671 824; x_wconf 88' lang='lat' dir='ltr'><strong>num</strong></span> <span class='ocrx_word' id='word_1_19' title='bbox 687 759 893 842; x_wconf 87' lang='lat' dir='ltr'><strong>Pontifices,</strong></span> <span class='ocrx_word' id='word_1_20' title='bbox 925 779 1010 825; x_wconf 92' lang='lat' dir='ltr'><strong>num</strong></span> <span class='ocrx_word' id='word_1_21' title='bbox 1038 761 1198 826; x_wconf 88' lang='lat' dir='ltr'><strong>Patriar·</strong></span> 
     </span>
     <span class='ocr_line' id='line_1_5' title="bbox 97 862 1203 949; baseline 0.003 -22"><span class='ocrx_word' id='word_1_22' title='bbox 97 862 183 944; x_wconf 87' lang='lat' dir='ltr'><strong>chae,</strong></span> <span class='ocrx_word' id='word_1_23' title='bbox 211 881 295 928; x_wconf 90' lang='lat' dir='ltr'><strong>num</strong></span> <span class='ocrx_word' id='word_1_24' title='bbox 312 864 581 947; x_wconf 83' lang='lat' dir='ltr'><strong>Metropolitae,</strong></span> <span class='ocrx_word' id='word_1_25' title='bbox 609 883 695 930; x_wconf 92' lang='lat' dir='ltr'><strong>num</strong></span> <span class='ocrx_word' id='word_1_26' title='bbox 728 863 903 946; x_wconf 77' lang='lat' dir='ltr'><strong>Concilio,</strong></span> <span class='ocrx_word' id='word_1_27' title='bbox 931 883 1016 930; x_wconf 91' lang='lat' dir='ltr'><strong>num</strong></span> <span class='ocrx_word' id='word_1_28' title='bbox 1047 865 1203 949; x_wconf 85' lang='lat' dir='ltr'><strong>denique</strong></span> 
     </span>
     <span class='ocr_line' id='line_1_6' title="bbox 96 970 1203 1054; baseline 0.004 -21"><span class='ocrx_word' id='word_1_29' title='bbox 96 970 209 1051; x_wconf 81' lang='lat' dir='ltr'><strong>singuli</strong></span> <span class='ocrx_word' id='word_1_30' title='bbox 224 970 409 1054; x_wconf 81' lang='lat' dir='ltr'><strong>Episcopi.</strong></span> <span class='ocrx_word' id='word_1_31' title='bbox 426 971 612 1052; x_wconf 80' lang='lat' dir='ltr'><strong>EJusmodi</strong></span> <span class='ocrx_word' id='word_1_32' title='bbox 626 973 791 1054; x_wconf 81' lang='lat' dir='ltr'><strong>quaestio</strong></span> <span class='ocrx_word' id='word_1_33' title='bbox 807 971 874 1037; x_wconf 90' lang='lat' dir='ltr'><strong>sub</strong></span> <span class='ocrx_word' id='word_1_34' title='bbox 893 972 1030 1054; x_wconf 87' lang='lat' dir='ltr'><strong>duplici</strong></span> <span class='ocrx_word' id='word_1_35' title='bbox 1050 978 1203 1054; x_wconf 88' lang='lat' dir='ltr'><strong>aspectu</strong></span> 
     </span>
     <span class='ocr_line' id='line_1_7' title="bbox 96 1078 1203 1166; baseline 0.003 -27"><span class='ocrx_word' id='word_1_36' title='bbox 96 1078 234 1158; x_wconf 85' lang='lat' dir='ltr'><strong>spectari</strong></span> <span class='ocrx_word' id='word_1_37' title='bbox 247 1083 380 1160; x_wconf 89' lang='lat' dir='ltr'><strong>potest,</strong></span> <span class='ocrx_word' id='word_1_38' title='bbox 396 1095 539 1160; x_wconf 89' lang='lat' dir='ltr'><strong>nempe,</strong></span> <span class='ocrx_word' id='word_1_39' title='bbox 553 1080 711 1163; x_wconf 81' lang='lat' dir='ltr'><strong>practice</strong></span> <span class='ocrx_word' id='word_1_40' title='bbox 729 1084 838 1161; x_wconf 87' lang='lat' dir='ltr'><strong>atque</strong></span> <span class='ocrx_word' id='word_1_41' title='bbox 847 1079 1017 1166; x_wconf 60' lang='lat' dir='ltr'><strong>juridica</strong></span> <span class='ocrx_word' id='word_1_42' title='bbox 1037 1079 1123 1162; x_wconf 91' lang='lat' dir='ltr'><strong>quid</strong></span> <span class='ocrx_word' id='word_1_43' title='bbox 1137 1080 1203 1144; x_wconf 90' lang='lat' dir='ltr'><strong>sub</strong></span> 
     </span>
     <span class='ocr_line' id='line_1_8' title="bbox 97 1185 1202 1268; baseline 0.004 -22"><span class='ocrx_word' id='word_1_44' title='bbox 97 1187 230 1266; x_wconf 85' lang='lat' dir='ltr'><strong>utroque</strong></span> <span class='ocrx_word' id='word_1_45' title='bbox 246 1189 418 1267; x_wconf 88' lang='lat' dir='ltr'><strong>respectu</strong></span> <span class='ocrx_word' id='word_1_46' title='bbox 443 1185 513 1252; x_wconf 90' lang='lat' dir='ltr'><strong>hac</strong></span> <span class='ocrx_word' id='word_1_47' title='bbox 530 1185 574 1249; x_wconf 92' lang='lat' dir='ltr'><strong>de</strong></span> <span class='ocrx_word' id='word_1_48' title='bbox 591 1203 630 1249; x_wconf 92' lang='lat' dir='ltr'><strong>re</strong></span> <span class='ocrx_word' id='word_1_49' title='bbox 644 1185 881 1267; x_wconf 76' lang='lat' dir='ltr'><strong>Judicandum</strong></span> <span class='ocrx_word' id='word_1_50' title='bbox 898 1186 957 1268; x_wconf 89' lang='lat' dir='ltr'><strong>sit,</strong></span> <span class='ocrx_word' id='word_1_51' title='bbox 985 1186 1202 1252; x_wconf 88' lang='lat' dir='ltr'><strong>brevissime</strong></span> 
     </span>
     <span class='ocr_line' id='line_1_9' title="bbox 96 1292 1203 1374; baseline 0.005 -22"><span class='ocrx_word' id='word_1_52' title='bbox 96 1307 312 1372; x_wconf 84' lang='lat' dir='ltr'><strong>exponemus,</strong></span> <span class='ocrx_word' id='word_1_53' title='bbox 332 1295 566 1356; x_wconf 85' lang='lat' dir='ltr'><strong>attentatum</strong></span> <span class='ocrx_word' id='word_1_54' title='bbox 594 1292 736 1374; x_wconf 86' lang='lat' dir='ltr'><strong>majori,</strong></span> <span class='ocrx_word' id='word_1_55' title='bbox 770 1296 846 1357; x_wconf 89' lang='lat' dir='ltr'><strong>tum</strong></span> <span class='ocrx_word' id='word_1_56' title='bbox 875 1293 1010 1356; x_wconf 92' lang='lat' dir='ltr'><strong>minori</strong></span> <span class='ocrx_word' id='word_1_57' title='bbox 1027 1293 1203 1358; x_wconf 88' lang='lat' dir='ltr'><strong>territorii</strong></span> 
     </span>
     <span class='ocr_line' id='line_1_10' title="bbox 96 1397 428 1480; baseline 0.012 -22"><span class='ocrx_word' id='word_1_58' title='bbox 96 1397 428 1480; x_wconf 87' lang='lat' dir='ltr'><strong>circumscriptione.</strong></span> 
     </span>
    </p>

    <p class='ocr_par' dir='ltr' id='par_1_3' title="bbox 94 1503 1204 2117">
     <span class='ocr_line' id='line_1_11' title="bbox 167 1503 1203 1589; baseline 0.001 -21"><span class='ocrx_word' id='word_1_59' title='bbox 167 1503 221 1568; x_wconf 86' lang='lat' dir='ltr'><strong>Ad</strong></span> <span class='ocrx_word' id='word_1_60' title='bbox 236 1505 372 1589; x_wconf 76' lang='lat' dir='ltr'><strong>factam</strong></span> <span class='ocrx_word' id='word_1_61' title='bbox 385 1505 509 1587; x_wconf 84' lang='lat' dir='ltr'><strong>itaque</strong></span> <span class='ocrx_word' id='word_1_62' title='bbox 527 1504 624 1586; x_wconf 91' lang='lat' dir='ltr'><strong>quod</strong></span> <span class='ocrx_word' id='word_1_63' title='bbox 637 1504 769 1569; x_wconf 89' lang='lat' dir='ltr'><strong>attinet</strong></span> <span class='ocrx_word' id='word_1_64' title='bbox 792 1508 828 1569; x_wconf 91' lang='lat' dir='ltr'><strong>et</strong></span> <span class='ocrx_word' id='word_1_65' title='bbox 854 1504 972 1569; x_wconf 87' lang='lat' dir='ltr'><strong>relate</strong></span> <span class='ocrx_word' id='word_1_66' title='bbox 991 1504 1037 1568; x_wconf 89' lang='lat' dir='ltr'><strong>ad</strong></span> <span class='ocrx_word' id='word_1_67' title='bbox 1053 1503 1203 1570; x_wconf 90' lang='lat' dir='ltr'><strong>Dioece·</strong></span> 
     </span>
     <span class='ocr_line' id='line_1_12' title="bbox 94 1609 1202 1693; baseline 0.001 -21"><span class='ocrx_word' id='word_1_68' title='bbox 94 1625 167 1673; x_wconf 86' lang='lat' dir='ltr'><strong>scon</strong></span> <span class='ocrx_word' id='word_1_69' title='bbox 184 1610 573 1693; x_wconf 82' lang='lat' dir='ltr'><strong>circumscriptionem,</strong></span> <span class='ocrx_word' id='word_1_70' title='bbox 591 1627 739 1674; x_wconf 90' lang='lat' dir='ltr'><strong>monere</strong></span> <span class='ocrx_word' id='word_1_71' title='bbox 757 1613 902 1692; x_wconf 89' lang='lat' dir='ltr'><strong>oportet</strong></span> <span class='ocrx_word' id='word_1_72' title='bbox 931 1609 1122 1675; x_wconf 77' lang='lat' dir='ltr'><strong>Ecclesiae</strong></span> <span class='ocrx_word' id='word_1_73' title='bbox 1154 1609 1202 1674; x_wconf 91' lang='lat' dir='ltr'><strong>di-</strong></span> 
     </span>
     <span class='ocr_line' id='line_1_13' title="bbox 96 1715 1203 1799; baseline 0.003 -22"><span class='ocrx_word' id='word_1_74' title='bbox 96 1715 271 1796; x_wconf 87' lang='lat' dir='ltr'><strong>sciplinam</strong></span> <span class='ocrx_word' id='word_1_75' title='bbox 289 1715 328 1778; x_wconf 92' lang='lat' dir='ltr'><strong>in</strong></span> <span class='ocrx_word' id='word_1_76' title='bbox 345 1716 499 1780; x_wconf 88' lang='lat' dir='ltr'><strong>materia</strong></span> <span class='ocrx_word' id='word_1_77' title='bbox 516 1716 561 1781; x_wconf 91' lang='lat' dir='ltr'><strong>de</strong></span> <span class='ocrx_word' id='word_1_78' title='bbox 579 1733 651 1799; x_wconf 91' lang='lat' dir='ltr'><strong>qua</strong></span> <span class='ocrx_word' id='word_1_79' title='bbox 668 1717 800 1798; x_wconf 88' lang='lat' dir='ltr'><strong>agitur,</strong></span> <span class='ocrx_word' id='word_1_80' title='bbox 831 1717 1011 1798; x_wconf 86' lang='lat' dir='ltr'><strong>triplicem</strong></span> <span class='ocrx_word' id='word_1_81' title='bbox 1039 1717 1203 1781; x_wconf 88' lang='lat' dir='ltr'><strong>mutatio·</strong></span> 
     </span>
     <span class='ocr_line' id='line_1_14' title="bbox 95 1817 1204 1900; baseline 0.003 -18"><span class='ocrx_word' id='word_1_82' title='bbox 95 1817 163 1884; x_wconf 81' lang='lat' dir='ltr'><strong>uerri</strong></span> <span class='ocrx_word' id='word_1_83' title='bbox 178 1821 345 1900; x_wconf 90' lang='lat' dir='ltr'><strong>subiisse;</strong></span> <span class='ocrx_word' id='word_1_84' title='bbox 366 1822 439 1886; x_wconf 90' lang='lat' dir='ltr'><strong>alia</strong></span> <span class='ocrx_word' id='word_1_85' title='bbox 457 1822 553 1886; x_wconf 89' lang='lat' dir='ltr'><strong>enim</strong></span> <span class='ocrx_word' id='word_1_86' title='bbox 570 1823 638 1886; x_wconf 87' lang='lat' dir='ltr'><strong>fuit</strong></span> <span class='ocrx_word' id='word_1_87' title='bbox 651 1823 697 1886; x_wconf 90' lang='lat' dir='ltr'><strong>ab</strong></span> <span class='ocrx_word' id='word_1_88' title='bbox 715 1822 936 1886; x_wconf 87' lang='lat' dir='ltr'><strong>incunabilis</strong></span> <span class='ocrx_word' id='word_1_89' title='bbox 954 1821 1141 1888; x_wconf 82' lang='lat' dir='ltr'><strong>Ecclesiae</strong></span> <span class='ocrx_word' id='word_1_90' title='bbox 1158 1822 1204 1886; x_wconf 90' lang='lat' dir='ltr'><strong>ad</strong></span> 
     </span>
     <span class='ocr_line' id='line_1_15' title="bbox 95 1927 1201 2009; baseline 0.004 -21"><span class='ocrx_word' id='word_1_91' title='bbox 95 1927 264 1992; x_wconf 85' lang='lat' dir='ltr'><strong>saeculum</strong></span> <span class='ocrx_word' id='word_1_92' title='bbox 281 1927 344 2009; x_wconf 92' lang='lat' dir='ltr'><strong>VI,</strong></span> <span class='ocrx_word' id='word_1_93' title='bbox 364 1929 439 1992; x_wconf 87' lang='lat' dir='ltr'><strong>alia</strong></span> <span class='ocrx_word' id='word_1_94' title='bbox 455 1928 500 1992; x_wconf 91' lang='lat' dir='ltr'><strong>ab</strong></span> <span class='ocrx_word' id='word_1_95' title='bbox 533 1929 602 1993; x_wconf 89' lang='lat' dir='ltr'><strong>hoc</strong></span> <span class='ocrx_word' id='word_1_96' title='bbox 634 1929 782 1994; x_wconf 90' lang='lat' dir='ltr'><strong>saeculo</strong></span> <span class='ocrx_word' id='word_1_97' title='bbox 804 1929 851 1992; x_wconf 87' lang='lat' dir='ltr'><strong>ad</strong></span> <span class='ocrx_word' id='word_1_98' title='bbox 883 1931 1069 1994; x_wconf 88' lang='lat' dir='ltr'><strong>saeculum</strong></span> <span class='ocrx_word' id='word_1_99' title='bbox 1102 1928 1201 2009; x_wconf 91' lang='lat' dir='ltr'><strong>VIII,</strong></span> 
     </span>
     <span class='ocr_line' id='line_1_16' title="bbox 95 2031 1202 2117; baseline 0.004 -24"><span class='ocrx_word' id='word_1_100' title='bbox 95 2031 156 2095; x_wconf 86' lang='lat' dir='ltr'><strong>alia</strong></span> <span class='ocrx_word' id='word_1_101' title='bbox 174 2033 317 2107; x_wconf 89' lang='lat' dir='ltr'><strong>demum</strong></span> <span class='ocrx_word' id='word_1_102' title='bbox 334 2051 357 2096; x_wconf 88' lang='lat' dir='ltr'><strong>a</strong></span> <span class='ocrx_word' id='word_1_103' title='bbox 372 2035 519 2099; x_wconf 84' lang='lat' dir='ltr'><strong>saeculo</strong></span> <span class='ocrx_word' id='word_1_104' title='bbox 538 2033 624 2098; x_wconf 88' lang='lat' dir='ltr'><strong>VIH</strong></span> <span class='ocrx_word' id='word_1_105' title='bbox 643 2034 690 2098; x_wconf 90' lang='lat' dir='ltr'><strong>ad</strong></span> <span class='ocrx_word' id='word_1_106' title='bbox 722 2039 883 2098; x_wconf 90' lang='lat' dir='ltr'><strong>nostram</strong></span> <span class='ocrx_word' id='word_1_107' title='bbox 902 2052 1015 2117; x_wconf 88' lang='lat' dir='ltr'><strong>usque</strong></span> <span class='ocrx_word' id='word_1_108' title='bbox 1032 2039 1202 2099; x_wconf 89' lang='lat' dir='ltr'><strong>aetatem.</strong></span> 
     </span>
    </p>

    <p class='ocr_par' dir='ltr' id='par_1_4' title="bbox 94 2138 1209 3797">
     <span class='ocr_line' id='line_1_17' title="bbox 170 2138 1204 2222; baseline 0.002 -20"><span class='ocrx_word' id='word_1_109' title='bbox 170 2138 220 2202; x_wconf 57' lang='lat'><strong>1!</strong></span> <span class='ocrx_word' id='word_1_110' title='bbox 235 2138 386 2222; x_wconf 89' lang='lat' dir='ltr'><strong>Epocha</strong></span> <span class='ocrx_word' id='word_1_111' title='bbox 404 2143 440 2221; x_wconf 89' lang='lat' dir='ltr'><strong>(a</strong></span> <span class='ocrx_word' id='word_1_112' title='bbox 462 2140 540 2206; x_wconf 88' lang='lat' dir='ltr'><strong>Iod</strong></span> <span class='ocrx_word' id='word_1_113' title='bbox 556 2141 606 2204; x_wconf 95' lang='lat' dir='ltr'><strong>VI</strong></span> <span class='ocrx_word' id='word_1_114' title='bbox 624 2142 751 2219; x_wconf 77' lang='lat' dir='ltr'><strong>saec).</strong></span> <span class='ocrx_word' id='word_1_115' title='bbox 772 2139 828 2205; x_wconf 90' lang='lat' dir='ltr'><strong>Ab</strong></span> <span class='ocrx_word' id='word_1_116' title='bbox 848 2141 997 2205; x_wconf 84' lang='lat' dir='ltr'><strong>exordio</strong></span> <span class='ocrx_word' id='word_1_117' title='bbox 1016 2141 1204 2206; x_wconf 86' lang='lat' dir='ltr'><strong>Ecclesiae</strong></span> 
     </span>
     <span class='ocr_line' id='line_1_18' title="bbox 94 2244 1203 2328; baseline 0.004 -22"><span class='ocrx_word' id='word_1_118' title='bbox 94 2259 193 2326; x_wconf 87' lang='lat' dir='ltr'><strong>usque</strong></span> <span class='ocrx_word' id='word_1_119' title='bbox 206 2244 253 2309; x_wconf 90' lang='lat' dir='ltr'><strong>ad</strong></span> <span class='ocrx_word' id='word_1_120' title='bbox 270 2246 457 2312; x_wconf 88' lang='lat' dir='ltr'><strong>saeculum</strong></span> <span class='ocrx_word' id='word_1_121' title='bbox 473 2246 535 2328; x_wconf 91' lang='lat' dir='ltr'><strong>VI,</strong></span> <span class='ocrx_word' id='word_1_122' title='bbox 547 2247 654 2328; x_wconf 85' lang='lat' dir='ltr'><strong>juxta</strong></span> <span class='ocrx_word' id='word_1_123' title='bbox 670 2246 812 2312; x_wconf 87' lang='lat' dir='ltr'><strong>Natalis</strong></span> <span class='ocrx_word' id='word_1_124' title='bbox 830 2247 1032 2312; x_wconf 82' lang='lat' dir='ltr'><strong>Alexandri</strong></span> <span class='ocrx_word' id='word_1_125' title='bbox 1045 2247 1203 2311; x_wconf 89' lang='lat' dir='ltr'><strong>testimo·</strong></span> 
     </span>
     <span class='ocr_line' id='line_1_19' title="bbox 94 2350 1204 2436; baseline 0.004 -24"><span class='ocrx_word' id='word_1_126' title='bbox 94 2350 178 2415; x_wconf 89' lang='lat' dir='ltr'><strong>oium</strong></span> <span class='ocrx_word' id='word_1_127' title='bbox 195 2353 255 2435; x_wconf 88' lang='lat'><strong>(1),</strong></span> <span class='ocrx_word' id='word_1_128' title='bbox 277 2350 385 2416; x_wconf 79' lang='lat' dir='ltr'><strong>“nori</strong></span> <span class='ocrx_word' id='word_1_129' title='bbox 402 2353 638 2434; x_wconf 84' lang='lat' dir='ltr'><strong>erigebantur</strong></span> <span class='ocrx_word' id='word_1_130' title='bbox 655 2353 896 2435; x_wconf 84' lang='lat' dir='ltr'><strong>Episcopatus</strong></span> <span class='ocrx_word' id='word_1_131' title='bbox 914 2371 936 2416; x_wconf 87' lang='lat' dir='ltr'><strong>a</strong></span> <span class='ocrx_word' id='word_1_132' title='bbox 952 2351 1107 2436; x_wconf 84' lang='lat' dir='ltr'><strong>Synodis</strong></span> <span class='ocrx_word' id='word_1_133' title='bbox 1120 2352 1204 2416; x_wconf 87' lang='lat' dir='ltr'><strong>Pro·</strong></span> 
     </span>
     <span class='ocr_line' id='line_1_20' title="bbox 96 2455 1205 2541; baseline 0.003 -23"><span class='ocrx_word' id='word_1_134' title='bbox 96 2455 312 2540; x_wconf 73' lang='lat' dir='ltr'><strong>uncialibus,</strong></span> <span class='ocrx_word' id='word_1_135' title='bbox 328 2459 578 2522; x_wconf 87' lang='lat' dir='ltr'><strong>consentiente</strong></span> <span class='ocrx_word' id='word_1_136' title='bbox 588 2459 882 2541; x_wconf 88' lang='lat' dir='ltr'><strong>Metropolitano,</strong></span> <span class='ocrx_word' id='word_1_137' title='bbox 898 2459 1108 2541; x_wconf 86' lang='lat' dir='ltr'><strong>postulante</strong></span> <span class='ocrx_word' id='word_1_138' title='bbox 1123 2457 1205 2540; x_wconf 91' lang='lat' dir='ltr'><strong>Epi·</strong></span> 
     </span>
     <span class='ocr_line' id='line_1_21' title="bbox 94 2565 1205 2647; baseline 0.005 -25"><span class='ocrx_word' id='word_1_139' title='bbox 94 2577 190 2645; x_wconf 88' lang='lat' dir='ltr'><strong>scopo</strong></span> <span class='ocrx_word' id='word_1_140' title='bbox 222 2565 285 2630; x_wconf 85' lang='lat' dir='ltr'><strong>vel</strong></span> <span class='ocrx_word' id='word_1_141' title='bbox 315 2569 511 2646; x_wconf 88' lang='lat' dir='ltr'><strong>annuente,</strong></span> <span class='ocrx_word' id='word_1_142' title='bbox 546 2565 592 2629; x_wconf 93' lang='lat' dir='ltr'><strong>ad</strong></span> <span class='ocrx_word' id='word_1_143' title='bbox 623 2566 726 2646; x_wconf 91' lang='lat' dir='ltr'><strong>cujus</strong></span> <span class='ocrx_word' id='word_1_144' title='bbox 759 2565 964 2630; x_wconf 88' lang='lat' dir='ltr'><strong>Dioecesim</strong></span> <span class='ocrx_word' id='word_1_145' title='bbox 996 2565 1205 2647; x_wconf 86' lang='lat' dir='ltr'><strong>pertinebat</strong></span> 
     </span>
     <span class='ocr_line' id='line_1_22' title="bbox 95 2666 1206 2753; baseline 0.002 -20"><span class='ocrx_word' id='word_1_146' title='bbox 95 2666 258 2751; x_wconf 84' lang='lat' dir='ltr'><strong>Ecclesia,</strong></span> <span class='ocrx_word' id='word_1_147' title='bbox 277 2671 316 2734; x_wconf 91' lang='lat' dir='ltr'><strong>in</strong></span> <span class='ocrx_word' id='word_1_148' title='bbox 333 2687 405 2752; x_wconf 91' lang='lat' dir='ltr'><strong>qua</strong></span> <span class='ocrx_word' id='word_1_149' title='bbox 421 2669 533 2736; x_wconf 88' lang='lat' dir='ltr'><strong>Sedes</strong></span> <span class='ocrx_word' id='word_1_150' title='bbox 562 2671 790 2753; x_wconf 88' lang='lat' dir='ltr'><strong>Episcopalis</strong></span> <span class='ocrx_word' id='word_1_151' title='bbox 810 2671 1073 2736; x_wconf 89' lang='lat' dir='ltr'><strong>collocabatur.</strong></span> <span class='ocrx_word' id='word_1_152' title='bbox 1093 2671 1135 2736; x_wconf 92' lang='lat' dir='ltr'><strong>Id</strong></span> <span class='ocrx_word' id='word_1_153' title='bbox 1160 2688 1206 2735; x_wconf 88' lang='lat' dir='ltr'><strong>ex</strong></span> 
     </span>
     <span class='ocr_line' id='line_1_23' title="bbox 95 2775 1203 2858; baseline 0.005 -22"><span class='ocrx_word' id='word_1_154' title='bbox 95 2791 219 2841; x_wconf 85' lang='lat' dir='ltr'><strong>canone</strong></span> <span class='ocrx_word' id='word_1_155' title='bbox 235 2775 303 2841; x_wconf 90' lang='lat' dir='ltr'><strong>XV</strong></span> <span class='ocrx_word' id='word_1_156' title='bbox 321 2775 474 2842; x_wconf 75' lang='lat' dir='ltr'><strong>concilii</strong></span> <span class='ocrx_word' id='word_1_157' title='bbox 486 2777 652 2842; x_wconf 82' lang='lat' dir='ltr'><strong>Africani</strong></span> <span class='ocrx_word' id='word_1_158' title='bbox 669 2783 895 2858; x_wconf 89' lang='lat' dir='ltr'><strong>compertum</strong></span> <span class='ocrx_word' id='word_1_159' title='bbox 911 2782 979 2858; x_wconf 92' lang='lat' dir='ltr'><strong>est;</strong></span> <span class='ocrx_word' id='word_1_160' title='bbox 995 2781 1032 2842; x_wconf 90' lang='lat' dir='ltr'><strong>et</strong></span> <span class='ocrx_word' id='word_1_161' title='bbox 1045 2795 1091 2842; x_wconf 82' lang='lat' dir='ltr'><strong>ex</strong></span> <span class='ocrx_word' id='word_1_162' title='bbox 1104 2779 1203 2842; x_wconf 86' lang='lat' dir='ltr'><strong>facto</strong></span> 
     </span>
     <span class='ocr_line' id='line_1_24' title="bbox 95 2878 1205 2966; baseline 0.004 -24"><span class='ocrx_word' id='word_1_163' title='bbox 95 2878 123 2942; x_wconf 87' lang='lat' dir='ltr'><strong>S.</strong></span> <span class='ocrx_word' id='word_1_164' title='bbox 135 2883 338 2965; x_wconf 87' lang='lat' dir='ltr'><strong>Augustini,</strong></span> <span class='ocrx_word' id='word_1_165' title='bbox 370 2885 431 2966; x_wconf 90' lang='lat' dir='ltr'><strong>qui</strong></span> <span class='ocrx_word' id='word_1_166' title='bbox 448 2883 660 2948; x_wconf 85' lang='lat' dir='ltr'><strong>Fussalensi</strong></span> <span class='ocrx_word' id='word_1_167' title='bbox 677 2881 837 2948; x_wconf 86' lang='lat' dir='ltr'><strong>Oastello</strong></span> <span class='ocrx_word' id='word_1_168' title='bbox 865 2884 1024 2948; x_wconf 91' lang='lat' dir='ltr'><strong>millibus</strong></span> <span class='ocrx_word' id='word_1_169' title='bbox 1051 2884 1205 2966; x_wconf 86' lang='lat' dir='ltr'><strong>quadra·</strong></span> 
     </span>
     <span class='ocr_line' id='line_1_25' title="bbox 95 2985 1206 3071; baseline 0.003 -22"><span class='ocrx_word' id='word_1_170' title='bbox 95 2985 181 3065; x_wconf 82' lang='lat' dir='ltr'><strong>ginta</strong></span> <span class='ocrx_word' id='word_1_171' title='bbox 196 2990 244 3052; x_wconf 92' lang='lat' dir='ltr'><strong>ab</strong></span> <span class='ocrx_word' id='word_1_172' title='bbox 259 2988 429 3071; x_wconf 91' lang='lat' dir='ltr'><strong>Hippone</strong></span> <span class='ocrx_word' id='word_1_173' title='bbox 447 2990 613 3070; x_wconf 88' lang='lat' dir='ltr'><strong>sejuncto</strong></span> <span class='ocrx_word' id='word_1_174' title='bbox 631 2989 850 3071; x_wconf 92' lang='lat' dir='ltr'><strong>Episcopum</strong></span> <span class='ocrx_word' id='word_1_175' title='bbox 867 2989 1042 3070; x_wconf 90' lang='lat' dir='ltr'><strong>ordinari,</strong></span> <span class='ocrx_word' id='word_1_176' title='bbox 1061 2991 1206 3054; x_wconf 88' lang='lat' dir='ltr'><strong>curavit</strong></span> 
     </span>
     <span class='ocr_line' id='line_1_26' title="bbox 96 3093 1207 3177; baseline 0.003 -23"><span class='ocrx_word' id='word_1_177' title='bbox 96 3093 279 3160; x_wconf 88' lang='lat' dir='ltr'><strong>aPrimate</strong></span> <span class='ocrx_word' id='word_1_178' title='bbox 296 3095 499 3177; x_wconf 88' lang='lat' dir='ltr'><strong>Numidiae,</strong></span> <span class='ocrx_word' id='word_1_179' title='bbox 525 3097 686 3160; x_wconf 87' lang='lat' dir='ltr'><strong>Romano</strong></span> <span class='ocrx_word' id='word_1_180' title='bbox 715 3096 890 3160; x_wconf 87' lang='lat' dir='ltr'><strong>Pontiflce</strong></span> <span class='ocrx_word' id='word_1_181' title='bbox 918 3095 1136 3175; x_wconf 91' lang='lat' dir='ltr'><strong>inconsulto,</strong></span> <span class='ocrx_word' id='word_1_182' title='bbox 1169 3102 1207 3158; x_wconf 87' lang='lat' dir='ltr'><strong>ut</strong></span> 
     </span>
     <span class='ocr_line' id='line_1_27' title="bbox 96 3201 1207 3286; baseline 0.004 -26"><span class='ocrx_word' id='word_1_183' title='bbox 96 3205 226 3266; x_wconf 87' lang='lat' dir='ltr'><strong>constat</strong></span> <span class='ocrx_word' id='word_1_184' title='bbox 242 3219 289 3266; x_wconf 87' lang='lat' dir='ltr'><strong>ax</strong></span> <span class='ocrx_word' id='word_1_185' title='bbox 305 3202 420 3285; x_wconf 89' lang='lat' dir='ltr'><strong>ipsius</strong></span> <span class='ocrx_word' id='word_1_186' title='bbox 450 3202 642 3284; x_wconf 87' lang='lat' dir='ltr'><strong>Augustini</strong></span> <span class='ocrx_word' id='word_1_187' title='bbox 671 3201 836 3283; x_wconf 88' lang='lat' dir='ltr'><strong>Epistola</strong></span> <span class='ocrx_word' id='word_1_188' title='bbox 864 3201 963 3286; x_wconf 67' lang='lat'><strong>261,</strong></span> <span class='ocrx_word' id='word_1_189' title='bbox 987 3202 1034 3265; x_wconf 86' lang='lat' dir='ltr'><strong>At</strong></span> <span class='ocrx_word' id='word_1_190' title='bbox 1061 3218 1149 3265; x_wconf 89' lang='lat' dir='ltr'><strong>vero</strong></span> <span class='ocrx_word' id='word_1_191' title='bbox 1170 3201 1207 3264; x_wconf 93' lang='lat' dir='ltr'><strong>in</strong></span> 
     </span>
     <span class='ocr_line' id='line_1_28' title="bbox 96 3303 1206 3390; baseline 0.001 -22"><span class='ocrx_word' id='word_1_192' title='bbox 96 3303 246 3372; x_wconf 86' lang='lat' dir='ltr'><strong>Ecclesia</strong></span> <span class='ocrx_word' id='word_1_193' title='bbox 264 3305 455 3386; x_wconf 89' lang='lat' dir='ltr'><strong>Orientali,</strong></span> <span class='ocrx_word' id='word_1_194' title='bbox 470 3313 547 3373; x_wconf 90' lang='lat' dir='ltr'><strong>tota</strong></span> <span class='ocrx_word' id='word_1_195' title='bbox 571 3326 660 3373; x_wconf 89' lang='lat' dir='ltr'><strong>cura</strong></span> <span class='ocrx_word' id='word_1_196' title='bbox 677 3311 786 3390; x_wconf 88' lang='lat' dir='ltr'><strong>atque</strong></span> <span class='ocrx_word' id='word_1_197' title='bbox 805 3307 1011 3372; x_wconf 90' lang='lat' dir='ltr'><strong>sollicitudo</strong></span> <span class='ocrx_word' id='word_1_198' title='bbox 1039 3324 1105 3388; x_wconf 91' lang='lat' dir='ltr'><strong>pro</strong></span> <span class='ocrx_word' id='word_1_199' title='bbox 1124 3305 1206 3388; x_wconf 89' lang='lat' dir='ltr'><strong>Epi·</strong></span> 
     </span>
     <span class='ocr_line' id='line_1_29' title="bbox 96 3413 1206 3496; baseline 0.002 -23"><span class='ocrx_word' id='word_1_200' title='bbox 96 3415 289 3494; x_wconf 85' lang='lat' dir='ltr'><strong>scopatibua</strong></span> <span class='ocrx_word' id='word_1_201' title='bbox 306 3414 488 3496; x_wconf 88' lang='lat' dir='ltr'><strong>erigendis</strong></span> <span class='ocrx_word' id='word_1_202' title='bbox 506 3414 729 3479; x_wconf 90' lang='lat' dir='ltr'><strong>Patriarchis</strong></span> <span class='ocrx_word' id='word_1_203' title='bbox 748 3413 974 3478; x_wconf 87' lang='lat' dir='ltr'><strong>Antiocheno</strong></span> <span class='ocrx_word' id='word_1_204' title='bbox 994 3417 1029 3477; x_wconf 92' lang='lat' dir='ltr'><strong>et</strong></span> <span class='ocrx_word' id='word_1_205' title='bbox 1047 3413 1206 3476; x_wconf 85' lang='lat' dir='ltr'><strong>Alexan-</strong></span> 
     </span>
     <span class='ocr_line' id='line_1_30' title="bbox 97 3515 1207 3603; baseline 0.001 -22"><span class='ocrx_word' id='word_1_206' title='bbox 97 3515 186 3583; x_wconf 87' lang='lat' dir='ltr'><strong>drino</strong></span> <span class='ocrx_word' id='word_1_207' title='bbox 202 3520 414 3584; x_wconf 88' lang='lat' dir='ltr'><strong>concredita</strong></span> <span class='ocrx_word' id='word_1_208' title='bbox 431 3521 511 3602; x_wconf 81' lang='lat' dir='ltr'><strong>luit,</strong></span> <span class='ocrx_word' id='word_1_209' title='bbox 541 3539 564 3584; x_wconf 89' lang='lat' dir='ltr'><strong>a</strong></span> <span class='ocrx_word' id='word_1_210' title='bbox 593 3520 735 3603; x_wconf 88' lang='lat' dir='ltr'><strong>quibos,</strong></span> <span class='ocrx_word' id='word_1_211' title='bbox 766 3523 959 3602; x_wconf 88' lang='lat' dir='ltr'><strong>postquam</strong></span> <span class='ocrx_word' id='word_1_212' title='bbox 990 3519 1207 3583; x_wconf 88' lang='lat' dir='ltr'><strong>Provinciae</strong></span> 
     </span>
     <span class='ocr_line' id='line_1_31' title="bbox 96 3619 1208 3708; baseline 0.003 -23"><span class='ocrx_word' id='word_1_213' title='bbox 96 3619 364 3690; x_wconf 88' lang='lat' dir='ltr'><strong>Ecclesiasticae</strong></span> <span class='ocrx_word' id='word_1_214' title='bbox 375 3626 452 3691; x_wconf 90' lang='lat' dir='ltr'><strong>illic</strong></span> <span class='ocrx_word' id='word_1_215' title='bbox 464 3628 684 3690; x_wconf 89' lang='lat' dir='ltr'><strong>constitutae</strong></span> <span class='ocrx_word' id='word_1_216' title='bbox 699 3627 857 3705; x_wconf 86' lang='lat' dir='ltr'><strong>fuerunt,</strong></span> <span class='ocrx_word' id='word_1_217' title='bbox 883 3625 929 3689; x_wconf 90' lang='lat' dir='ltr'><strong>ad</strong></span> <span class='ocrx_word' id='word_1_218' title='bbox 957 3625 1208 3708; x_wconf 88' lang='lat' dir='ltr'><strong>Metropolitas</strong></span> 
     </span>
     <span class='ocr_line' id='line_1_32' title="bbox 96 3728 1209 3797; baseline 0.006 -7"><span class='ocrx_word' id='word_1_219' title='bbox 96 3735 126 3790; x_wconf 85' lang='lat' dir='ltr'><strong>et</strong></span> <span class='ocrx_word' id='word_1_220' title='bbox 139 3728 297 3796; x_wconf 78' lang='lat' dir='ltr'><strong>Concilia</strong></span> <span class='ocrx_word' id='word_1_221' title='bbox 314 3732 562 3797; x_wconf 89' lang='lat' dir='ltr'><strong>Provincialia</strong></span> <span class='ocrx_word' id='word_1_222' title='bbox 592 3732 808 3796; x_wconf 90' lang='lat' dir='ltr'><strong>dimanavit.</strong></span> <span class='ocrx_word' id='word_1_223' title='bbox 835 3732 876 3796; x_wconf 91' lang='lat' dir='ltr'><strong>In</strong></span> <span class='ocrx_word' id='word_1_224' title='bbox 894 3731 1061 3797; x_wconf 87' lang='lat' dir='ltr'><strong>Ecclesia</strong></span> <span class='ocrx_word' id='word_1_225' title='bbox 1088 3737 1209 3797; x_wconf 90' lang='lat' dir='ltr'><strong>autem</strong></span> 
     </span>
    </p>
   </div>
   <div class='ocr_carea' id='block_1_3' title="bbox 97 3823 1208 4026">
    <p class='ocr_par' dir='ltr' id='par_1_5' title="bbox 97 3823 1208 4026">
     <span class='ocr_line' id='line_1_33' title="bbox 97 3823 1208 3920; baseline 0.003 -23"><span class='ocrx_word' id='word_1_226' title='bbox 97 3829 321 3918; x_wconf 86' lang='lat' dir='ltr'><strong>Occidentali,</strong></span> <span class='ocrx_word' id='word_1_227' title='bbox 340 3838 392 3901; x_wconf 88' lang='lat' dir='ltr'><strong>uti</strong></span> <span class='ocrx_word' id='word_1_228' title='bbox 404 3837 632 3902; x_wconf 89' lang='lat' dir='ltr'><strong>solidissimis</strong></span> <span class='ocrx_word' id='word_1_229' title='bbox 646 3838 871 3920; x_wconf 89' lang='lat' dir='ltr'><strong>argumentis</strong></span> <span class='ocrx_word' id='word_1_230' title='bbox 889 3837 1021 3919; x_wconf 88' lang='lat' dir='ltr'><strong>probat</strong></span> <span class='ocrx_word' id='word_1_231' title='bbox 1034 3823 1208 3901; x_wconf 82' lang='lat' dir='ltr'><strong>Thomas-</strong></span> 
     </span>
     <span class='ocr_line' id='line_1_34' title="bbox 97 3940 1206 4026; baseline 0.004 -24"><span class='ocrx_word' id='word_1_232' title='bbox 97 3940 184 4006; x_wconf 89' lang='lat' dir='ltr'><strong>sinos</strong></span> <span class='ocrx_word' id='word_1_233' title='bbox 194 3942 254 4026; x_wconf 83' lang='lat'><strong>(2),</strong></span> <span class='ocrx_word' id='word_1_234' title='bbox 273 3961 347 4007; x_wconf 91' lang='lat' dir='ltr'><strong>non</strong></span> <span class='ocrx_word' id='word_1_235' title='bbox 359 3945 476 4008; x_wconf 91' lang='lat' dir='ltr'><strong>solum</strong></span> <span class='ocrx_word' id='word_1_236' title='bbox 493 3943 749 4026; x_wconf 88' lang='lat' dir='ltr'><strong>Metropolitae</strong></span> <span class='ocrx_word' id='word_1_237' title='bbox 764 3950 800 4006; x_wconf 91' lang='lat' dir='ltr'><strong>et</strong></span> <span class='ocrx_word' id='word_1_238' title='bbox 817 3941 981 4008; x_wconf 81' lang='lat' dir='ltr'><strong>Concilia</strong></span> <span class='ocrx_word' id='word_1_239' title='bbox 997 3942 1206 4007; x_wconf 86' lang='lat' dir='ltr'><strong>Provincia-</strong></span> 
     </span>
    </p>
   </div>
   <div class='ocr_carea' id='block_1_4' title="bbox 97 4081 269 4097">
    <p class='ocr_par' dir='ltr' id='par_1_6' title="bbox 97 4081 269 4097">
     <span class='ocr_line' id='line_1_35' title="bbox 97 4081 269 4097; baseline 0.023 -4"><span class='ocrx_word' id='word_1_240' title='bbox 97 4081 269 4097; x_wconf 50' lang='grc' dir='ltr'><strong>ῦ-ι-ω-</strong></span> 
     </span>
    </p>
   </div>
   <div class='ocr_carea' id='block_1_5' title="bbox 97 4165 1211 4380">
    <p class='ocr_par' dir='ltr' id='par_1_7' title="bbox 97 4165 1211 4380">
     <span class='ocr_line' id='line_1_36' title="bbox 157 4165 835 4238; baseline -0.003 -12"><span class='ocrx_word' id='word_1_241' title='bbox 157 4171 191 4231; x_wconf 83' lang='lat' dir='ltr'><strong>lll</strong></span> <span class='ocrx_word' id='word_1_242' title='bbox 229 4165 333 4223; x_wconf 82' lang='lat' dir='ltr'><strong>Hister.</strong></span> <span class='ocrx_word' id='word_1_243' title='bbox 346 4167 450 4224; x_wconf 79' lang='lat' dir='ltr'><strong>Eccles.</strong></span> <span class='ocrx_word' id='word_1_244' title='bbox 465 4185 539 4224; x_wconf 80' lang='lat' dir='ltr'><strong>saec.</strong></span> <span class='ocrx_word' id='word_1_245' title='bbox 556 4171 594 4235; x_wconf 91' lang='lat' dir='ltr'><strong>V,</strong></span> <span class='ocrx_word' id='word_1_246' title='bbox 607 4185 667 4238; x_wconf 89' lang='lat' dir='ltr'><strong>cap.</strong></span> <span class='ocrx_word' id='word_1_247' title='bbox 681 4169 730 4238; x_wconf 89' lang='lat' dir='ltr'><strong>Vl,</strong></span> <span class='ocrx_word' id='word_1_248' title='bbox 743 4175 797 4223; x_wconf 85' lang='lat' dir='ltr'><strong>art.</strong></span> <span class='ocrx_word' id='word_1_249' title='bbox 810 4171 835 4224; x_wconf 76' lang='grc'><strong>2.</strong></span> 
     </span>
     <span class='ocr_line' id='line_1_37' title="bbox 156 4237 1211 4310; baseline 0.003 -20"><span class='ocrx_word' id='word_1_250' title='bbox 156 4239 194 4304; x_wconf 77' lang='lat'><strong>(2)</strong></span> <span class='ocrx_word' id='word_1_251' title='bbox 244 4237 325 4294; x_wconf 80' lang='lat' dir='ltr'><strong>Vetus</strong></span> <span class='ocrx_word' id='word_1_252' title='bbox 335 4245 363 4294; x_wconf 81' lang='lat' dir='ltr'><strong>ct</strong></span> <span class='ocrx_word' id='word_1_253' title='bbox 373 4241 455 4296; x_wconf 80' lang='lat' dir='ltr'><strong>Novo</strong></span> <span class='ocrx_word' id='word_1_254' title='bbox 466 4239 606 4296; x_wconf 77' lang='lat' dir='ltr'><strong>Ecclesiae</strong></span> <span class='ocrx_word' id='word_1_255' title='bbox 620 4241 785 4310; x_wconf 78' lang='lat' dir='ltr'><strong>Disciplina,</strong></span> <span class='ocrx_word' id='word_1_256' title='bbox 799 4245 870 4308; x_wconf 85' lang='lat' dir='ltr'><strong>part.</strong></span> <span class='ocrx_word' id='word_1_257' title='bbox 898 4241 920 4310; x_wconf 91' lang='lat'><strong>1,</strong></span> <span class='ocrx_word' id='word_1_258' title='bbox 933 4240 982 4294; x_wconf 89' lang='lat' dir='ltr'><strong>lib.</strong></span> <span class='ocrx_word' id='word_1_259' title='bbox 1004 4241 1029 4309; x_wconf 90' lang='lat'><strong>1,</strong></span> <span class='ocrx_word' id='word_1_260' title='bbox 1047 4258 1109 4310; x_wconf 86' lang='lat' dir='ltr'><strong>cap.</strong></span> <span class='ocrx_word' id='word_1_261' title='bbox 1127 4243 1170 4306; x_wconf 79' lang='lat'><strong>14;</strong></span> <span class='ocrx_word' id='word_1_262' title='bbox 1182 4247 1211 4294; x_wconf 84' lang='lat' dir='ltr'><strong>et</strong></span> 
     </span>
     <span class='ocr_line' id='line_1_38' title="bbox 97 4309 433 4380; baseline 0.027 -23"><span class='ocrx_word' id='word_1_263' title='bbox 97 4311 159 4370; x_wconf 83' lang='lat' dir='ltr'><strong>part.</strong></span> <span class='ocrx_word' id='word_1_264' title='bbox 173 4309 214 4374; x_wconf 87' lang='lat'><strong>11,</strong></span> <span class='ocrx_word' id='word_1_265' title='bbox 227 4311 273 4364; x_wconf 90' lang='lat' dir='ltr'><strong>lib.</strong></span> <span class='ocrx_word' id='word_1_266' title='bbox 283 4311 304 4375; x_wconf 88' lang='lat' dir='ltr'><strong>l,</strong></span> <span class='ocrx_word' id='word_1_267' title='bbox 315 4327 376 4380; x_wconf 87' lang='lat' dir='ltr'><strong>cap.</strong></span> <span class='ocrx_word' id='word_1_268' title='bbox 392 4315 433 4366; x_wconf 90' lang='grc'><strong>11.</strong></span> 
     </span>
    </p>
   </div>
   <div class='ocr_carea' id='block_1_6' title="bbox 0 0 1536 4994">
    <p class='ocr_par' dir='ltr' id='par_1_8' title="bbox 0 0 1536 4994">
     <span class='ocr_line' id='line_1_39' title="bbox 0 0 1536 4994; baseline 0 0"><span class='ocrx_word' id='word_1_269' title='bbox 0 0 1536 4994; x_wconf 95' lang='lat' dir='ltr'><strong> </strong></span> 
     </span>
    </p>
   </div>
  </div>
 </body>
</html>
