3096 4986
592 413 752 470 ..39-

119 553 205 636 quod
233 554 405 618 delictum
434 553 573 636 indigni
598 555 821 620 haberentur
838 559 877 618 ut
902 555 949 618 ad
979 572 1121 620 sacram
1141 555 1232 621 ordi·

21 727 22 736 ἶ
118 661 294 724 nationem
319 659 561 724 ascenderent
577 661 638 725 vel
655 661 801 726 ordines
819 666 1046 742 exercerent,
1066 669 1234 744 spectata

21 745 23 768 ¹
118 767 270 832 criminis
297 773 431 832 natura
460 767 604 832 diversa
624 769 718 833 ratio
748 767 969 851 procedendi
988 769 1138 850 vigebat
1167 787 1233 852 pro

118 873 197 955 ipsis
215 874 385 938 arcendis
403 874 449 938 ab
477 891 631 940 ascensu
656 875 702 938 ad
719 893 844 939 sacros
862 874 1020 954 ordines,
1041 893 1062 938 a
1092 893 1233 957 promo-

119 981 207 1044 tione
234 981 283 1045 ad
310 982 519 1064 superiores
548 982 693 1045 ordines
711 982 771 1045 vel
800 983 845 1044 eb
876 981 1051 1045 exercitio
1083 981 1231 1064 ordinis,

118 1085 243 1166 gradus
269 1093 333 1150 aut
350 1087 624 1151 ecclesiasticae
653 1086 854 1168 dignitatis.
873 1084 910 1150 Si
929 1085 974 1149 de
1003 1085 1153 1149 crimine
1171 1105 1232 1167 pu-

21 1321 22 1360 1
118 1297 218 1362 bebat
243 1301 396 1381 praevio
426 1317 599 1382 processu
626 1305 662 1362 ct
674 1299 834 1380 juridica
862 1297 1132 1379 informatione;
1152 1317 1234 1364 cum

21 1463 22 1500 ἰ
119 1411 228 1469 autem
258 1406 432 1470 delictum
461 1411 558 1470 esset
587 1405 780 1484 occultum,
800 1405 990 1486 Episcopis
1021 1409 1159 1468 tantum
1176 1406 1233 1468 fes

119 1519 189 1575 erut
206 1513 326 1576 media
343 1511 653 1592 reconventionis,
668 1511 859 1592 suasionis,
876 1509 1017 1574 consilii
1035 1515 1098 1574 aut
1112 1511 1232 1592 poeni-

120 1618 245 1682 tentiae
263 1619 451 1699 adhibere,
467 1623 502 1682 et
520 1617 665 1680 tandem
682 1617 952 1700 delinquentem
977 1633 1148 1698 supremo
1165 1615 1234 1681 Dei

116 1723 242 1802 judicio
272 1727 473 1806 remittere,
494 1733 601 1807 prout
618 1723 724 1788 hodie
743 1726 861 1788 adhuc
875 1725 914 1788 lit
930 1742 1012 1789 cum
1032 1724 1232 1805 peccatori-

119 1829 176 1895 bus
193 1833 346 1897 occultis
359 1831 598 1896 Sacramenta
617 1831 761 1913 publice
777 1831 997 1914 petentibus.

197 1938 300 2002 Haec
328 1939 499 2004 distincta
527 1939 660 2020 agendi
679 1939 773 2002 ratio
800 1939 907 2020 juxta
926 1938 1050 2002 delicti
1075 1937 1234 2002 indolem

21 2017 23 2064 ἶ
120 2052 235 2124 aperte
252 2045 437 2127 colligitur
451 2061 498 2109 ex
511 2063 593 2126 cap.
613 2043 676 2124 IV,
696 2046 750 2108 tit.
765 2044 831 2125 XI,
852 2045 913 2108 lib.
935 2045 952 2108 I
969 2043 1231 2123 Decretalium,

120 2150 237 2229 quiite
264 2152 444 2216 sehabet:
467 2151 541 2216 “Ex
559 2163 685 2216 tenore
706 2159 848 2216 tuarum
868 2153 1072 2216 litterarum
1092 2152 1233 2232 accepi-

119 2271 187 2319 mus
211 2258 307 2340 quod
335 2257 379 2322 N.
400 2259 556 2323 clericus
574 2259 665 2322 adeo
684 2259 848 2341 deliquit,
868 2257 1011 2340 quodsi
1041 2265 1233 2338 peccatum

119 2361 188 2441 eJus
204 2369 301 2428 esset
318 2365 514 2446 publicum,
534 2365 798 2446 degradaretur
815 2364 861 2427 ab
894 2363 1021 2428 ordine
1040 2381 1146 2446 quem
1177 2382 1233 2426 su·

119 2471 237 2550 scepit,
253 2471 460 2552 etamplius
478 2490 549 2535 non
568 2478 691 2554 posset
704 2472 751 2536 ad
764 2472 970 2554 superiores
988 2471 1133 2534 ordines
1155 2489 1233 2551 pro-

120 2578 261 2642 moveri.
281 2575 416 2642 Verum
433 2579 603 2660 quoniam
623 2587 813 2660 peccatum
827 2577 941 2659 ipsius
958 2577 1037 2640 lore
1052 2577 1235 2641 occultum

120 2677 246 2763 dixisti,
263 2683 478 2748 mandamus
496 2693 674 2766 quatenus
688 2684 951 2766 poenitentiam
964 2683 996 2747 ei
1015 2683 1234 2765 condignam

121 2784 289 2870 imponas,
319 2794 356 2853 et
387 2789 543 2854 suadeas
577 2778 615 2852 u't
648 2797 753 2872 parte
787 2791 1034 2872 poenitentiae
1068 2796 1232 2872 peracta,

122 2893 236 2960 ordine
259 2901 430 2977 suscepto
449 2901 583 2960 utatur:
603 2913 672 2978 quo
700 2903 893 2960 contentus
911 2897 1084 2977 existens,
1104 2897 1149 2960 ad
1178 2915 1234 2960 su-

122 3001 275 3078 periores
293 3001 450 3084 amplius
467 3020 539 3066 non
557 3002 743 3066 ascendat.
765 3002 1024 3066 Verumtamen
1050 3003 1135 3084 quia
1152 3019 1234 3082 pec·

122 3111 230 3172 catum
260 3108 443 3172 occultum
471 3112 538 3188 est,
565 3108 596 3171 si
628 3109 836 3190 promoveri
854 3109 1024 3190 voluerit,
1051 3127 1133 3172 eum
1162 3125 1235 3171 non

122 3209 222 3278 debes
238 3213 364 3296 aliqua
376 3214 518 3278 ratione
535 3214 765 3298 prohibere,

199 3321 315 3384 Aliter
332 3337 392 3384 res
410 3323 502 3400 erat,
522 3337 602 3384 cum
620 3321 664 3383 de
682 3320 921 3402 Regularibus
947 3319 1140 3401 agebatur,
1158 3317 1233 3399 qui·

121 3421 179 3488 bus
204 3427 384 3508 promotio
405 3425 451 3490 ad
468 3427 676 3508 superiores
693 3426 837 3490 ordines
857 3445 878 3488 a
895 3426 969 3489 suis
988 3425 1164 3506 praelatis
1178 3425 1234 3504 Ju-

123 3527 206 3596 dicio
236 3537 379 3596 secreto
409 3549 474 3596 seu
506 3549 551 3596 ex
584 3533 780 3596 informata
812 3531 1037 3596 conscientia
1069 3549 1116 3594 ex
1149 3539 1235 3594 tunc

122 3637 284 3719 temporis
312 3637 482 3701 interdici
507 3642 664 3720 poterat,
686 3640 857 3720 quoniam
886 3656 1010 3701 eorum
1028 3638 1234 3718 superiores

123 3740 155 3804 vi
170 3743 242 3806 voti
267 3742 498 3807 obedientiae
514 3744 603 3825 ipsis
633 3761 655 3807 a
671 3744 823 3808 subditis
841 3743 1009 3824 praestiti
1023 3745 1105 3824 jure
1123 3743 1234 3823 polle-

21 3921 22 3930 ,
122 3844 201 3914 hant
223 3849 337 3914 libere
353 3849 604 3932 praecipiendi
634 3867 883 3932 quaecumque
909 3851 1009 3930 Justa
1034 3849 1233 3912 existimus·

123 3959 206 4036 sent,
231 3957 281 4020 uti
310 3959 456 4020 constat
483 3973 529 4020 ex
558 3973 640 4037 cop.
671 3953 727 4020 Ad
756 3975 859 4021 aures
889 3955 1050 4037 eJusdem
1068 3953 1163 4034 ¹libri
1190 3969 1235 4016 ac

123 4057 285 4165 Q.

21 4205 22 4216 l

21 4351 23 4360 t

185 4232 221 4290 ll»
259 4229 320 4281 «Ad
333 4243 416 4282 aures
429 4232 541 4282 nostrus
556 4227 693 4294 pervenit,
708 4229 784 4294 quod
797 4226 921 4291 religiosi
932 4227 1047 4294 quidam
1062 4227 1097 4279 sd
1112 4227 1235 4293 superio·

122 4309 163 4349 res
171 4298 332 4354 desiderunt
342 4299 458 4354 ordines
470 4301 638 4367 promoveri,
651 4299 703 4352 sed
717 4297 839 4352 Praelati
852 4311 951 4352 eorum
964 4298 1114 4351 desiderils
1128 4304 1235 4351 contra·
