3062 4994
543 384 662 442 -·109
684 415 722 428 -

91 523 275 606 temitates,
294 525 454 608 scholas,
472 526 654 608 sodalitia,
682 531 921 610 caeterasque
937 527 1074 591 similes
1091 527 1194 592 adso-

94 628 499 697 ciationesconstituere.
588 627 593 636 '

165 733 357 816 Quaeritur
374 737 480 803 modo
509 743 627 803 utrum
659 739 751 804 haec
777 739 1022 821 personalitas
1050 739 1192 819 fictitia,

91 839 147 904 hoc
158 847 222 921 est,
242 844 428 908 abstracta
441 846 486 908 ab
500 845 697 910 individuis
709 847 746 908 in
763 845 930 909 Ecclesia
947 847 1065 910 creari
1083 849 1196 927 queat

92 946 265 1013 voluntate
282 951 522 1032 privatorum,
542 967 621 1014 cum
640 950 763 1014 debita
779 957 901 1014 tamen
918 951 987 1033 ipsi
1005 951 1194 1015 Ecclesiae

91 1054 382 1120 subordinatione.
413 1056 550 1123 Solutio
573 1058 678 1138 hujus
707 1059 928 1140 quaestionis
959 1059 996 1122 in
1024 1063 1194 1140 promptu

91 1167 146 1240 est3
164 1166 419 1245 praetermisso
431 1167 515 1250 jure
532 1165 704 1246 naturali,
720 1167 827 1246 juxta
845 1165 1065 1248 quodetiam
1090 1165 1195 1228 nobis

92 1267 221 1333 videtur
237 1287 393 1352 persona
411 1273 575 1354 rigorose
588 1273 715 1336 fictitia
732 1291 753 1336 a
773 1273 925 1354 privatis
943 1273 1080 1336 institui
1098 1271 1194 1336 haud

92 1391 196 1458 posse,
214 1379 297 1459 quia
315 1377 407 1442 haec
432 1381 675 1461 personalitas
701 1381 857 1461 juridice
882 1380 1077 1442 excederet
1095 1385 1193 1460 pote·

92 1483 207 1546 statem
220 1501 355 1564 eorum,
375 1503 397 1548 a
414 1487 543 1568 quibus
568 1503 715 1550 causa-m
733 1493 770 1550 et
787 1487 962 1566 originem
976 1486 1139 1566 haberet,
1159 1491 1198 1548 et

93 1603 160 1651 cum
177 1591 221 1653 sit
248 1597 438 1674 perpetua,
456 1599 584 1656 contra
614 1594 774 1674 ipsorum
792 1611 935 1676 quoque
968 1592 1195 1655 voluntatem

93 1699 206 1772 postea
237 1697 464 1778 subsisteret;
497 1705 662 1780 spectato
694 1699 804 1780 igitur
835 1698 871 1761 in
904 1696 1195 1779 praesentiarum

94 1801 217 1866 tentum
232 1804 314 1884 jure
332 1803 644 1886 divino-positivo,
660 1805 854 1868 asserimus
871 1821 916 1867 eo
944 1803 1197 1866 contendimus

94 1921 179 1970 mera
195 1910 418 1990 privatorum
439 1911 638 1990 voluntate,
658 1927 837 1974 consensu
862 1911 921 1974 vel
940 1909 1197 1990 conjunctione

94 2028 251 2090 personas
267 2018 413 2081 fictitias
427 2035 490 2082 seu
499 2019 658 2100 juridica
681 2019 838 2100 collegia
854 2019 891 2082 in
915 2017 1081 2080 Ecclesia
1096 2016 1197 2078 nullo

96 2129 187 2197 pacto
200 2125 368 2188 constitui
384 2142 502 2204 posse.
517 2125 561 2188 Et
576 2143 616 2189 re
635 2126 779 2207 quidem
795 2143 898 2206 vera,
914 2123 1198 2206 personalitates

96 2223 126 2288 in
137 2230 303 2294 societate
321 2249 344 2294 a
357 2229 500 2295 Christo
519 2232 676 2312 condita,
694 2249 774 2296 cum
791 2232 863 2294 sint
880 2231 913 2294 ei
935 2232 1196 2310 homogeneae,

96 2337 376 2414 supernaturales
389 2353 469 2402 csse
482 2337 627 2418 debent;
642 2355 769 2402 verum
781 2338 828 2402 ad
840 2337 876 2401 id
889 2337 984 2419 quod
1002 2343 1057 2398 est
1073 2350 1196 2415 super-

97 2443 257 2523 naturale,
275 2443 382 2507 homo
410 2445 683 2526 proportionem
701 2451 736 2508 et
753 2443 996 2526 capacitatem
1025 2457 1089 2504 seu
1107 2438 1197 2520 apti-

98 2545 236 2612 tudinem
251 2565 317 2630 per
333 2567 373 2614 se
389 2549 597 2631 nonhabet,
625 2551 689 2614 sed
707 2567 787 2614 eam
804 2569 826 2613 a
842 2548 932 2630 Dec,
959 2548 1057 2610 sacto
1076 2545 1197 2627 positi·

97 2665 145 2734 vo,
161 2656 236 2719 sive
252 2656 461 2722 immediate
477 2657 557 2720 sive
571 2656 728 2720 mediate
744 2657 891 2737 accipit.
907 2656 984 2735 Age
998 2655 1087 2734 jam,
1107 2651 1198 2715 duas

100 2757 271 2827 dumtaxat
287 2762 386 2827 Deus
404 2765 591 2828 constituit
622 2764 903 2846 personalitates
921 2761 1056 2824 ordinis
1074 2775 1198 2841 super-

100 2869 271 2949 naturalis,
291 2869 476 2950 videlicet,
496 2887 690 2952 personam
722 2869 896 2933 moralem
914 2867 1116 2950 perlectam
1134 2881 1199 2928 seu

101 2967 283 3039 Ecclesiam
301 2973 893 3040 CatholicamaChristoDomino
928 2974 1129 3050 fundatam,
1164 2975 1201 3033 et

98 3092 255 3156 personas
279 3081 452 3164 physicas
480 3099 546 3165 per
576 3083 758 3164 baptisma
787 3081 834 3144 ad
865 3080 1027 3144 ordinem
1057 3092 1200 3159 quoque

96 3189 392 3267 supernaturalem
409 3194 559 3254 evectas
575 3207 641 3271 pro
664 3190 758 3253 bono
778 3187 958 3270 spirituali
976 3183 1199 3265 singulorum

97 3293 149 3355 sub
169 3294 356 3362 Ecclesiae
373 3297 549 3377 regimine
562 3294 802 3377 assequendo,
827 3311 898 3358 non
916 3295 1037 3356 autem
1055 3305 1120 3370 pro
1138 3287 1198 3350 bo-

98 3413 133 3461 no
151 3403 290 3482 publico
308 3403 481 3484 religioso
499 3401 760 3484 promovende,
777 3401 878 3480 cujus
892 3415 981 3461 cura
993 3395 1062 3476 ipsi
1076 3392 1199 3456 Eccle-

99 3504 162 3569 siae
178 3507 396 3574 demandata
412 3513 479 3572 est.
507 3507 621 3589 Igitur
644 3524 801 3588 persona
819 3503 976 3579 moralis,
1006 3502 1202 3582 segregata

98 3609 134 3673 ab
145 3611 336 3679 individuis
353 3617 390 3678 et
405 3615 443 3678 vi
456 3614 614 3695 juridica
631 3613 821 3690 instructa,
840 3609 892 3673 uti
908 3608 947 3670 lit
964 3607 1000 3670 in
1026 3605 1203 3687 collegiis,

97 3731 182 3784 suam
199 3721 377 3802 originem
395 3725 505 3802 atque
522 3719 754 3784 existentiam
772 3733 817 3780 ex
834 3716 931 3778 facto
951 3712 1150 3791 Ecclesiae,
1165 3709 1202 3772 id

98 3830 153 3905 est,
170 3829 310 3910 exejus
338 3827 557 3891 auctoritate
582 3831 692 3907 atque
722 3821 946 3886 institutione
978 3813 1202 3882 solummodo

97 3928 250 3999 derivare
267 3939 400 4017 potest.

172 4039 224 4104 60.
274 4039 420 4122 Operae
438 4040 522 4104 Piae
547 4037 682 4120 passim
707 4033 938 4099 usuveniunt:
964 4027 1203 4094 Institutiouea

99 4154 268 4229 perpetuae
298 4147 498 4212 reddituum
515 4165 537 4210 a
551 4143 796 4230 fundatoribus
815 4159 885 4225 pro
909 4139 1028 4220 aliquo
1052 4133 1203 4198 utilitate

95 4251 219 4331 publicu
233 4255 363 4340 factae,
379 4251 485 4318 ueluti
511 4249 717 4315 adsisteatu'a
735 4248 958 4333 infirmorum,
979 4239 1204 4306 instructione
