3028 4992
781 424 961 482 -326-

316 571 388 635 lem
407 569 631 654 agnitionem
659 568 905 650 suprematiae
922 565 1182 632 ethnarchicae
1205 563 1277 628 RR.
1296 564 1447 628 Pontifi-

314 693 397 742 cum
414 676 608 759 plurimum
637 675 804 740 utilitatis
822 674 859 738 in
876 674 1010 738 bonum
1028 671 1243 754 populorum
1271 675 1307 734 et
1324 671 1446 736 civili·

315 783 401 847 tatis
419 799 601 864 europeae
618 782 882 845 incrementum
899 779 1110 844 contulisse.

405 889 450 952 Et
466 890 588 971 reipsa
605 905 651 952 ex
676 887 744 950 bac
761 885 1034 950 internetionali
1052 883 1310 966 superioritate
1331 887 1447 965 atque
1509 881 1510 946 l

318 995 519 1060 universali
550 1011 639 1058 cura
666 993 892 1057 Summarum
925 990 1138 1056 Pontificum
1172 989 1446 1072 quamplurima

319 1107 543 1182 consequuta
570 1103 655 1164 suut
671 1098 872 1178 commoda,
892 1114 986 1180 quae
1004 1097 1099 1160 inter
1129 1095 1358 1176 potissimum
1389 1112 1444 1158 re·
1509 1089 1510 1180 i

319 1207 462 1270 censeri
490 1212 685 1270 merentur:
711 1203 739 1283 ¹)
768 1205 874 1269 tutelo
902 1210 940 1267 et
967 1203 1182 1268 conservatio
1213 1203 1316 1284 pacis
1345 1201 1446 1284 apud

320 1319 461 1396 gentem
492 1313 624 1376 etenim
656 1310 821 1392 supremi
854 1309 1043 1374 Ecclesiae
1077 1308 1315 1389 Hierorchae,
1347 1308 1447 1372 bono

320 1419 502 1503 communi
526 1419 636 1482 totius
653 1416 930 1481 christianitatis
956 1416 1201 1496 consulentes,
1221 1432 1352 1480 causas
1370 1415 1443 1479 bel·

319 1525 436 1590 lorum
461 1525 673 1606 saepissime
701 1522 951 1603 removebant,
986 1539 1082 1603 quae
1111 1521 1277 1603 proiecto
1306 1522 1338 1584 si
1364 1527 1447 1586 orta
1509 1551 1510 1616 ἦ

320 1641 357 1696 et
373 1639 477 1713 gesta
493 1631 658 1710 fuissent,
674 1629 831 1692 maxime
847 1629 1057 1692 turbassent
1075 1627 1311 1692 christianam
1328 1628 1444 1692 socie-

319 1743 446 1816 tatem,
465 1742 574 1818 atque
598 1735 686 1816 ipsis
715 1734 880 1815 partibus
909 1733 1212 1798 contendentibus
1237 1733 1368 1814 ingens
1387 1732 1444 1796 de-

321 1843 528 1906 trimentum
558 1841 778 1913 attulissent:
805 1842 870 1922 sic,
890 1859 947 1905 ex.
976 1859 1047 1922 gn,
1073 1841 1139 1904 sub
1170 1839 1276 1903 linem
1305 1839 1445 1903 saeculi

320 1947 387 2012 XV
403 1947 565 2012 Joannes
594 1965 659 2011 rex
676 1947 887 2012 Lusitaniae
911 1948 1065 2011 classem
1096 1954 1264 2028 paratam
1282 1947 1446 2011 habebat

320 2054 368 2118 ad
385 2055 544 2136 aliquam
560 2054 752 2118 utilitatem
771 2071 817 2117 ex
835 2054 963 2118 insulis
981 2072 1025 2117 ac
1039 2053 1248 2134 regionibus
1265 2071 1330 2134 per
1345 2051 1444 2118 Chri-

320 2160 532 2244 stophorum
557 2158 768 2225 Columbum
786 2161 822 2224 in
839 2179 935 2224 novo
966 2161 1054 2224 orbe
1072 2161 1226 2224 detectis
1250 2176 1443 2241 capessen-

322 2269 417 2350 dam,
433 2287 478 2334 ex
497 2287 567 2351 quo
586 2270 751 2352 equidem
771 2270 937 2334 obortum
956 2269 1085 2332 fuisset
1103 2267 1235 2332 bellum
1251 2285 1330 2332 cum
1347 2269 1445 2350 Rege

323 2373 518 2457 Castaliae,
538 2377 636 2440 vires
661 2375 880 2439 christianas
909 2373 1145 2439 distrahendo
1164 2391 1295 2456 magno
1315 2375 1441 2438 utrius-

322 2499 392 2564 que
409 2482 514 2564 regni
542 2481 687 2564 damn03
706 2485 853 2566 cognita
878 2491 1000 2548 autem
1025 2483 1163 2548 celebri
1187 2481 1379 2564 Alejandri
1396 2479 1444 2544 VI

322 2585 444 2651 Consi.
463 2590 560 2652 later
583 2595 729 2671 caetero,
746 2589 908 2654 loannes
938 2589 1210 2672 expeditionem
1239 2589 1361 2652 animo
1387 2586 1441 2651 de·

321 2693 493 2758 stinatam
507 2695 678 2760 deseruit:
695 2694 721 2775 b)
733 2697 891 2778 prudens
906 2697 1124 2761 moderamen
1138 2701 1175 2758 et
1190 2693 1440 2759 rectaordiao·

322 2801 369 2865 tio
386 2817 507 2864 rerum
524 2803 859 2867 internetionalium
877 2809 913 2868 et
941 2802 1182 2866 communium
1201 2803 1442 2886 negotiorum

321 2907 499 2989 siquidem
526 2907 719 2974 Pontifices
751 2911 891 2974 cunctis
920 2911 1075 2992 negotiis
1109 2908 1252 2973 modum
1283 2909 1439 2990 impone·

321 3013 422 3094 bant,
441 3031 578 3096 suaque
602 3032 773 3096 suprema
803 3014 1003 3080 directione
1028 3015 1156 3080 eadem
1183 3014 1439 3097 expediebant,

321 3120 511 3186 Ecclesiae
539 3127 575 3186 et
606 3120 888 3186 Christianitatis
906 3123 1000 3187 bono
1026 3139 1171 3204 semper
1199 3121 1439 3186 intendentes:

328 3229 362 3308 ὓ)
379 3245 497 3310 aequa
524 3227 649 3293 solutio
667 3233 704 3291 et
731 3228 894 3310 legitima
912 3211 1112 3314 comperitio
1130 3227 1363 3292 conflictuum
1391 3231 1439 3289 at·
1509 3271 1510 3290 t

322 3351 393 3416 que
409 3333 682 3412 dissentionum,
702 3351 796 3414 quae
821 3351 934 3416 penes
962 3335 1130 3398 nationes
1147 3349 1346 3415 exsurgere
1363 3349 1437 3414 pos·

322 3446 417 3520 sent;
435 3458 519 3504 nam
543 3438 642 3504 Petri
658 3437 894 3504 Successores
912 3457 1015 3504 suam
1033 3440 1289 3505 auctoritatem
1318 3439 1366 3502 ad
1379 3437 1439 3501 tol·

321 3545 431 3610 leuda
466 3545 589 3626 jurgia
617 3552 654 3608 et
677 3545 909 3628 quaestiones
938 3547 1115 3611 finiendas
1145 3545 1438 3628 interponebant,

323 3669 467 3734 unaque
494 3669 723 3734 summopere
740 3654 985 3735 exoptabatur
1002 3659 1039 3717 et
1056 3654 1212 3718 libenter
1240 3652 1438 3736 recipieba-

323 3765 381 3824 tur
408 3759 499 3825 haec
526 3759 690 3825 benefica
707 3762 744 3822 et
761 3759 933 3824 salutaris
963 3761 1176 3825 Pontificum
1206 3757 1438 3836 interranum

317 3867 379 3932 sin
407 3885 495 3932 vero
524 3865 635 3949 aliqui
662 3883 743 3930 eam
771 3883 974 3947 agnoscere
1001 3868 1063 3931 vei
1092 3871 1287 3950 acceptare
1316 3879 1437 3930 renue·

324 4173 517 4226 Romamrum
532 4171 702 4226 Pontificum
716 4173 811 4242 palam
824 4173 971 4240 professus
985 4179 1029 4228 est
1042 4173 1070 4226 in
1084 4172 1157 4227 libro
1169 4174 1214 4226 cul
1227 4173 1335 4227 titulus:
1355 4167 1440 4238 Appel

323 4242 396 4368 m
405 4246 560 4311 prolectant
578 4259 616 4296 aa
630 4241 712 4313 Papa,
720 4261 794 4332 poor
812 4245 837 4298 lc
854 4245 1068 4300 retabliaaemeat
1086 4244 1124 4298 do
1141 4243 1215 4299 droit
1219 4243 1315 4314 public
1332 4241 1378 4296 des
1394 4256 1439 4294 ao·
