3096 4986
795 369 955 427 ...84-

316 513 495 596 perficere
511 514 642 595 potest,
660 511 845 578 videlicet:
866 509 917 578 1.⁰
948 509 1167 576 interdicere
1193 508 1360 574 fidelibus
1377 525 1447 574 ac·
1533 541 1534 604 ᾗ

317 637 458 684 cessum
476 619 522 684 ad
538 617 684 684 scholas
696 635 955 701 quascumque,
972 617 1009 682 in
1027 617 1156 700 quibus
1173 616 1375 700 periculum
1390 616 1450 679 sit

316 725 564 810 perversionis
589 731 664 790 tum
680 725 801 808 quoad
829 725 912 790 fldei
929 725 1192 806 integritatem,
1225 727 1301 787 tum
1325 723 1447 787 etiam
1533 735 1534 738 ’

316 833 436 916 quoad
450 850 587 896 morum
600 832 842 910 honestatem;
857 830 910 894 2⁰
933 830 1129 913 invigilare
1144 845 1190 894 ne
1202 829 1240 893 in
1265 846 1443 912 quacum-

316 957 387 1021 que
404 937 529 1002 schola
546 937 683 1020 aliquid
701 945 829 1001 contra
845 936 1082 1001 christianam
1099 935 1302 1000 doctrinam
1314 933 1444 998 trada-

303 1051 388 1124 .tur;
406 1043 458 1108 3.⁰
476 1043 624 1125 exigere
642 1048 680 1106 ut
695 1043 731 1106 in
745 1044 920 1108 societate
934 1041 1116 1106 catholica
1129 1047 1389 1106 removeantur
1402 1047 1449 1106 et

316 1151 514 1234 puniantur
532 1149 697 1230 magistri
713 1149 779 1230 illi,
799 1149 860 1231 qui
877 1153 1004 1212 contra
1032 1146 1140 1212 iidem
1156 1148 1218 1212 vel
1235 1165 1354 1212 mores
1372 1148 1443 1212 ali-

316 1257 402 1340 quid
420 1256 694 1320 attentaverint.
1250 1309 1253 1318 .

406 1361 461 1426 Ad
473 1363 532 1443 Jus
550 1363 740 1445 positivum
758 1361 854 1444 quod
871 1361 1002 1424 attinet
1031 1359 1200 1424 tradendi
1231 1362 1270 1426 in
1300 1359 1447 1424 scholis
1533 1371 1534 1376 ’

315 1470 526 1550 religiosam
544 1468 807 1532 institutionem
832 1485 897 1549 pro
915 1467 1032 1548 laicis,
1052 1471 1216 1548 potestas
1233 1466 1444 1548 Ecclesiae,
1533 1473 1534 1530 f

316 1576 539 1658 generaliter
565 1573 758 1656 loquendo,
774 1575 881 1654 juxta
898 1574 1079 1656 principia
1110 1573 1218 1638 toties
1235 1576 1447 1638 memorata
1533 1593 1534 1640 4

315 1680 560 1746 mensuranda
578 1687 667 1744 esta
684 1682 903 1745 necessitate
921 1681 981 1744 vel
999 1681 1156 1744 utilitate
1184 1681 1357 1762 fidelium,
1390 1697 1448 1744 ex

316 1805 387 1870 quo
405 1795 615 1868 sequentem
627 1787 796 1868 regulam
813 1787 1010 1852 formulare
1027 1787 1125 1852 lieet:
1138 1787 1297 1852 Ecclesia
1323 1787 1449 1870 quoad
1533 1769 1534 1844 ἶ

312 1893 467 1980 fideliam
480 1893 738 1958 instructionem
748 1895 832 1978 jure
844 1894 995 1977 positivo
1008 1893 1133 1976 caudet
1150 1893 1323 1958 caomnia
1330 1912 1443 1976 prae·

314 2001 443 2080 standi,
458 2021 544 2082 quoa
561 2001 757 2064 necessario
770 2001 822 2064 vet
839 2001 943 2064 utilia
956 2007 1036 2064 suat
1044 2020 1117 2083 pro
1130 1999 1325 2064 eorumdem
1342 2005 1448 2064 recta

315 2107 478 2190 relipiosa
499 2105 723 2170 institutione.
1533 2123 1534 2194 l

405 2211 669 2276 Determinatio
699 2216 820 2273 autem
838 2209 1008 2291 specialis
1035 2209 1193 2274 omnium
1209 2226 1254 2273 ac
1277 2208 1448 2290 singulo·
1533 2223 1534 2294 ς

315 2335 394 2384 rum
408 2319 557 2399 jurium,
577 2335 671 2402 quae
695 2317 883 2380 Ecclesiae
913 2316 983 2380 hac
1012 2333 1122 2399 super
1145 2334 1186 2380 re
1211 2321 1445 2398 competunt,

315 2441 363 2488 ex
387 2425 535 2488 diversa
551 2423 758 2488 scholarum
776 2427 908 2486 natura
925 2423 1073 2505 pendet,
1092 2421 1247 2504 ideoque
1271 2439 1448 2487 seorsum
1533 2415 1534 2464 ἶ

315 2531 389 2612 fiet,
409 2529 667 2612 perpendendo
684 2529 722 2592 in
740 2533 910 2593 concreto
927 2529 1033 2594 varia
1052 2529 1260 2594 scholarum
1283 2545 1445 2610 genera.
1533 2507 1534 2598 ἶ

404 2637 459 2700 46.
509 2637 573 2701 Jus
591 2637 788 2718 positivum
812 2636 1000 2701 Ecclesiae
1018 2636 1218 2702 inscholas
1238 2639 1452 2721 primarias

315 2745 523 2826 etprioatos
540 2748 695 2824 quatuor
708 2743 832 2824 capita
845 2742 1111 2824 complectitur:
1129 2742 1179 2808 1.⁰
1197 2742 1448 2809 directionem

315 2847 353 2912 in
381 2865 421 2910 re
448 2847 634 2929 religiosa,
653 2845 722 2912 hoc
747 2854 814 2928 est,
834 2847 1125 2929 adsignationem
1142 2849 1356 2913 catechismi
1374 2861 1450 2914 seu
1533 2837 1534 2910 J

314 2953 563 3032 materiarum,
583 2971 677 3036 quae
695 2955 817 3035 pueris
834 2953 1035 3018 tradendae
1052 2957 1171 3036 erunt,
1189 2954 1276 3036 quia
1303 2955 1447 3020 instru-
1533 3027 1534 3030 Ἴ

314 3061 386 3126 ctio
416 3060 588 3142 religiosa
605 3065 660 3124 est
686 3079 815 3125 munus
843 3061 1039 3142 positivum
1067 3065 1178 3142 atque
1207 3061 1449 3128 exclusivum
1533 3049 1534 3056 ἵ

313 3166 514 3248 Ecclesiae,
528 3166 682 3249 ideoque
700 3167 875 3248 adipeam
892 3167 1023 3232 attinet
1035 3168 1291 3250 praescribere
1315 3185 1362 3232 ac
1379 3169 1447 3234 de·
1533 3199 1534 3262 q

313 3273 512 3338 terminare
545 3290 725 3356 quaenam
754 3275 826 3338 sint
853 3273 1019 3340 docenda
1045 3277 1108 3340 vel
1140 3276 1343 3341 omittenda
1371 3294 1453 3358 pro
1533 3269 1534 3342 l

312 3385 416 3442 recta
447 3379 685 3461 parvulorum
715 3380 953 3459 institutione;
979 3381 1033 3444 29
1057 3381 1306 3447 visitationem
1334 3382 1449 3448 scho-

312 3483 442 3564 larum,
473 3488 511 3548 ut
542 3483 731 3550 Ecclesiae
760 3490 859 3550 certo
888 3492 1031 3552 constet
1061 3487 1327 3554 institutionem
1356 3490 1447 3554 reli·

314 3587 467 3670 giosam,
502 3607 596 3670 quae
628 3590 666 3654 in
695 3589 822 3654 iisdem
853 3593 1063 3676 praebetur,
1096 3611 1186 3659 suae
1217 3613 1371 3660 normae
1406 3601 1456 3662 et
1533 3603 1534 3682 ᾗ

312 3693 663 3775 praescriptionibus
680 3694 900 3760 adamussim
928 3699 1210 3782 accommodari;
1230 3700 1316 3765 hino
1339 3703 1455 3783 apud
1533 3695 1534 3770 l

312 3799 480 3863 nationes
494 3797 694 3864 catholicas
706 3800 807 3882 leges
821 3801 949 3866 civiles
962 3805 1146 3886 parochis,
1163 3805 1225 3888 qui
1238 3807 1449 3874 auctorita·
1533 3783 1534 3852 Ῑ

313 3911 386 3968 tem
400 3903 687 3968 ecclesiasticam
704 3913 985 3988 repraesentant
997 3910 1034 3974 in
1047 3912 1165 3992 gradu
1178 3913 1350 3995 equidem
1364 3933 1451 3982 ma·
1533 3911 1534 3998 ῗ

312 4008 368 4088 gis
385 4009 593 4072 immediato
611 4027 691 4074 cum
708 4013 856 4095 populo,
881 4014 941 4095 jus
959 4007 1128 4082 conterre
1154 4019 1275 4084 solent
1293 4021 1450 4102 praedi·

314 4117 393 4176 ctas
410 4114 554 4178 scholas
571 4113 745 4180 visitandi
763 4125 798 4180 et
815 4119 1066 4202 interrogandi
1084 4141 1218 4205 pueros
1237 4125 1282 4190 de
1299 4144 1342 4191 re
1355 4129 1451 4194 reli-

1533 4009 1534 4054 l

312 4217 429 4300 glosa,
448 4236 589 4283 necnon
602 4219 712 4284 etiam
729 4239 841 4302 penes
857 4225 1080 4292 acatholicos
1099 4229 1214 4312 viget,
1231 4231 1294 4296 val
1312 4234 1456 4316 potius

1533 4337 1534 4386 l

1533 4443 1534 4482 l
