3038 4994
778 371 956 430 496-

305 518 591 580 consentaneum
607 513 710 579 nobis
726 512 872 579 videtur
897 514 1042 580 tertium
1059 529 1103 578 ac
1131 516 1352 596 postremum
1366 513 1436 594 jus

308 638 492 704 exponere
505 638 586 686 cum
600 620 726 686 ordine
743 621 860 702 reguli
874 637 1088 701 connexum,
1101 637 1173 703 quo
1188 619 1343 702 quidem,
1357 621 1438 682 tes·

308 733 345 792 te
372 725 536 808 historia,
556 725 689 791 Christi
707 726 844 790 Vicarii
873 725 1069 810 aliquando
1099 731 1135 790 et
1159 724 1278 790 media
1305 727 1438 788 aetate

309 835 364 898 nsi
381 839 477 913 suut;
497 834 677 916 loquimur
695 833 789 897 enim
810 832 854 896 de
880 833 1114 897 concessione
1132 849 1338 913 regnorum,
1358 838 1438 894 ter·

308 957 431 1004 rarum
455 945 566 1022 atque
591 939 771 1004 exclusiri
799 939 1007 1002 commercii
1025 937 1240 1021 quibusdam
1255 936 1437 1018 Principi-

309 1045 375 1109 bus
392 1063 415 1108 a
431 1045 601 1110 Romanis
620 1045 850 1110 Praesulibus
867 1045 1076 1126 specialiter
1092 1045 1204 1108 facta.

398 1149 481 1232 Sed,
500 1157 540 1216 ut
571 1153 608 1216 in
636 1152 706 1216 hac
736 1151 925 1216 salebrosa
953 1149 1203 1233 disquisitione
1230 1148 1358 1214 ordine
1388 1141 1448 1212 ac¹

309 1257 572 1341 perspicuitate
599 1257 852 1340 procedamus,
870 1257 1048 1339 simulque
1062 1257 1261 1321 auctoritas
1284 1255 1437 1319 Pontifi-

310 1365 367 1428 cia
394 1365 511 1430 veteri
544 1371 580 1428 et
608 1364 813 1438 recentiori¹
831 1367 996 1446 tempore
1029 1363 1193 1427 omnibus
1225 1363 1438 1426 innotescat

309 1471 417 1553 plene
441 1472 641 1552 justificata
666 1475 702 1536 et
729 1489 869 1534 summa
899 1471 1084 1552 aequitate
1109 1470 1276 1552 praedita
1299 1469 1337 1532 in
1366 1486 1438 1532 sua

309 1577 513 1642 rectissima
531 1577 663 1660 agendi
680 1578 833 1656 ratione,
850 1577 1019 1657 dominia,
1040 1577 1264 1658 principatus
1283 1575 1344 1640 vel
1364 1579 1435 1638 ter-

309 1683 450 1764 ritoria,
470 1683 516 1748 ab
534 1685 746 1766 Apostolica
773 1683 865 1748 Sede
883 1683 1061 1766 singulari
1079 1683 1156 1764 regi
1174 1687 1237 1746 aut
1264 1681 1437 1745 determi-

310 1793 420 1852 natae
449 1791 588 1854 nationi
617 1791 764 1870 donata,
795 1790 831 1852 in
861 1789 950 1854 duas
983 1790 1121 1853 classes
1155 1789 1435 1868 distinguemus

310 1913 453 1978 nempe,
473 1895 509 1960 in
532 1898 694 1980 arariquas
711 1897 865 1960 ditiones
890 1903 926 1960 ct
953 1897 1121 1977 regiones
1148 1915 1266 1975 uocas,
1284 1894 1437 1958 investi·

310 2008 439 2084 gentes
456 2003 593 2084 absque
611 2003 845 2085 praejudiciis
871 2009 988 2066 utrum
1007 2003 1158 2066 Romani
1175 2000 1369 2066 Antistites
1385 2001 1436 2064 le·

310 2109 435 2190 gitimo
450 2110 533 2190 jure
550 2109 664 2174 innixi
680 2110 933 2174 concessiones
951 2109 1203 2189 territoriales,
1217 2108 1338 2189 regios
1353 2108 1436 2171 titu-

310 2217 365 2280 los
382 2222 443 2280 aut
461 2216 655 2298 privilegia
671 2216 969 2280 internetionalia
986 2215 1215 2298 Principibus
1229 2215 1435 2294 tribuerint,

311 2323 371 2386 vel
400 2341 483 2386 num
503 2323 679 2404 peculiari
697 2340 808 2406 scopo
826 2322 1059 2404 personalive
1093 2322 1289 2386 allectione
1319 2321 1435 2399 ducti,
1512 2385 1513 2388 ,

311 2446 392 2492 cum
409 2435 538 2510 aperta
555 2431 801 2512 usurpatione,
829 2429 1004 2510 ejusmodi
1031 2430 1285 2512 largitionibus
1298 2429 1436 2492 Princi·
1512 2409 1513 2414 ἵ

262 2620 266 2626 ¹
311 2553 376 2617 pes
393 2536 461 2600 sibi
479 2537 672 2600 benevisos
692 2537 973 2618 locupletarunt.

403 2642 477 2706 174.
527 2643 582 2707 Ad
600 2644 755 2706 ditiones
772 2644 934 2726 antiquas
952 2641 1050 2724 quod
1079 2642 1241 2724 respicit,
1260 2641 1350 2706 satis
1368 2643 1438 2705 erit

311 2765 377 2830 pro
396 2747 465 2812 hac
478 2751 690 2830 quaestione
708 2749 935 2813 enucleanda
951 2751 1020 2813 tria
1035 2751 1133 2814 iacta
1160 2753 1360 2813 memoratu
1386 2748 1436 2812 di-

312 2873 384 2936 gna
401 2856 568 2936 seligere,
588 2873 681 2938 quae
698 2857 831 2938 passim
846 2857 1030 2920 recenseri
1047 2857 1166 2920 solent
1185 2877 1207 2919 a
1226 2853 1334 2920 Card.
1356 2851 1437 2920 Orsi

313 2963 373 3042 (1),
404 2963 481 3041 ojus
510 2963 761 3025 continuatore
790 2962 961 3044 episcopo
979 2963 1166 3027 Bacchetti
1197 2961 1259 3043 (2),
1285 2959 1438 3024 Bianohi

313 3069 373 3150 (3),
392 3067 576 3149 Oaragnis
595 3069 654 3150 (4),
675 3069 828 3150 aliisque
855 3071 1095 3150 scriptoribus
1125 3069 1277 3133 historia
1297 3073 1372 3132 tum
1389 3067 1436 3130 ci-

312 3176 390 3254 vili,
411 3181 485 3238 tum
503 3174 754 3238 ecclesiastica
771 3181 829 3237 sat
846 3176 1017 3238 versatis.

404 3281 474 3344 131ΓΕ
487 3281 636 3344 facturn.
685 3281 771 3344 Post
787 3281 971 3344 dimidium
990 3281 1128 3345 saeculi
1142 3279 1193 3344 XI
1212 3279 1437 3362 (ann01053)
1510 3341 1511 3368 ,

313 3385 477 3450 Summus
496 3386 664 3450 Pontifex
688 3385 723 3450 S.
742 3385 816 3450 Leo
833 3387 885 3450 IX
903 3387 1120 3451 Normannis
1150 3387 1186 3450 in
1211 3385 1361 3450 feudum
1378 3385 1437 3448 do·

313 3493 428 3573 navit,
447 3498 596 3574 practer
619 3493 788 3574 Apuliam
803 3493 880 3574 jam
898 3494 944 3556 ab
960 3494 1049 3574 ipsis
1066 3509 1286 3574 possessam,
1306 3497 1438 3556 cuncta

314 3598 474 3662 dominia
491 3616 584 3681 quae
601 3600 638 3662 in
657 3599 827 3664 Calabria
856 3603 892 3664 et
908 3599 1032 3664 Sicilia
1046 3599 1296 3682 acquisierant
1313 3600 1350 3663 in
1367 3597 1438 3662 bel·

312 3704 348 3768 lo
365 3708 492 3768 contra
505 3703 665 3768 Graecos
683 3710 717 3769 et
736 3704 938 3770 Saracenos
955 3711 1124 3787 suscepto
1143 3705 1205 3787 (ὁ).

315 3859 499 3868 ..--

385 3981 422 4045 (1)
457 3977 524 4031 ffisi·
537 3975 638 4030 Ecclec.

385 4053 422 4113 (2)
458 4049 551 4102 Storiu
564 4048 634 4116 ἄορί(
646 4047 738 4101 ultimi
750 4052 861 4115 quatiro
874 4049 963 4104 secoli.

385 4123 423 4184 (Β)
458 4118 502 4171 Lo
514 4117 625 4172 Potestis
639 4119 779 4172 iadis-etta.

387 4193 423 4256 (4)
459 4189 649 4242 Institutiouer
661 4189 742 4243 Juris
754 4187 862 4243 Publici
875 4187 1069 4245 Ecclesiastiri.

385 4263 424 4328 (b)
461 4261 542 4314 Ocni.
557 4261 772 4328 Baccheaque.
787 4267 830 4328 62,
843 4263 859 4330 ᾗ
872 4267 915 4315 tl.
