3038 4994
542 381 722 440 -mr-

90 537 288 621 ponderata,
307 540 404 622 quod
432 539 556 624 utique
587 539 720 625 (obiter
753 541 823 607 hoc
853 543 1192 625 animadvertimus)

88 645 337 725 proclamatum
365 647 511 712 videtur
538 649 740 714 novissima
758 653 881 714 aetate
907 651 1131 716 solummodo
1146 652 1194 716 ad

88 753 310 818 evertendum
327 754 524 819 dominium
540 755 745 838 temporale
773 755 1016 821 Romanorum
1050 756 1193 822 Pontifi-

88 872 166 939 cum,
180 863 219 923 et
231 859 421 942 Principes
438 860 569 925 Italiae
582 862 656 926 suis
671 861 828 944 propriis
841 879 885 927 ac
899 863 1038 946 exiguis
1052 863 1193 928 ditioni·
1311 927 1313 935 ,

86 963 140 1028 bus
151 981 213 1030 seu
231 965 422 1032 ducatibus
439 968 710 1050 exspoliandos,
725 969 762 1032 in
780 971 1072 1052 praesentiarum
1089 970 1194 1036 nobis
1250 1046 1257 1060 ⁸

85 1069 208 1134 suffieit
224 1071 417 1137 declarare
446 1077 557 1156 atque
573 1074 683 1138 lateri
713 1076 912 1157 quamlibet
937 1077 1120 1141 nationem
1134 1078 1194 1160 jus

85 1175 313 1242 indubitatum
329 1179 466 1246 habere
480 1181 700 1262 procurandi
716 1181 785 1246 sibi
800 1182 988 1265 politicam
1004 1184 1192 1266 unitatem,

86 1281 263 1349 dummodo
281 1293 476 1352 serventur
493 1287 657 1370 legitima
674 1287 828 1352 aliarum
842 1289 1016 1372 gentium,
1035 1295 1195 1355 statuum

85 1389 135 1452 vel
150 1391 356 1474 principum
370 1393 468 1474 jura.

159 1497 229 1564 Sed
246 1499 357 1582 plane
384 1501 569 1582 rejicimus
597 1505 707 1584 atque
734 1501 949 1566 damnamus
978 1501 1195 1586 absolutam,

84 1604 308 1671 arbitrariam
324 1611 361 1670 et
374 1606 536 1672 odiosam
553 1607 725 1690 principii
742 1607 1009 1672 actionalitatis
1034 1607 1195 1690 applica·

84 1711 205 1776 donem
222 1730 304 1776 cum
332 1717 463 1795 aperta
482 1713 619 1795 jurium
634 1715 798 1778 laesione
815 1717 852 1779 et
885 1713 1039 1796 punibili
1071 1717 1197 1779 rectae

81 1816 233 1895 iustitiae
265 1824 489 1901 contemptu:
504 1820 535 1900 ⁸)
562 1820 647 1902 quia
661 1825 813 1886 aeterna
827 1823 865 1884 et
880 1820 1119 1886 immutabilia
1140 1823 1196 1904 ju·

83 1923 124 1985 ris
140 1925 319 1990 naturalis
337 1926 518 2009 principia
534 1927 679 1992 omnino
698 1931 828 1992 vetant
844 1944 890 1990 ne
908 1928 1045 1991 caeteri
1062 1928 1196 1992 Princi-

84 2045 138 2109 pes
154 2031 315 2096 dominio
330 2032 492 2114 legitime
509 2029 688 2116 acquisito
704 2034 920 2116 spolientur,
939 2051 1057 2116 neque
1075 2040 1195 2098 aucto·

83 2136 180 2201 ritate
208 2137 313 2202 civili
344 2157 388 2203 ae
417 2137 685 2220 independente
710 2139 810 2221 justo
840 2140 944 2203 titulo
963 2157 1132 2221 possessa
1160 2143 1198 2234 et

83 2246 238 2308 exercita
254 2245 460 2327 priscorum
477 2241 503 2326 b)
521 2247 606 2330 quia
629 2247 750 2310 unitas
776 2245 939 2329 politica,
967 2247 1133 2328 quamvis
1151 2247 1199 2310 ad

82 2351 259 2416 nationem
277 2354 356 2416 tuto
372 2369 416 2416 ac
433 2353 578 2417 fortiter
595 2352 891 2416 constituendam
909 2353 1059 2416 multum
1077 2352 1197 2416 conte-

82 2463 143 2532 rat,
156 2475 231 2522 non
244 2463 300 2521 est
312 2457 446 2524 bonum
459 2477 679 2541 supremum,
695 2476 924 2542 quacumque
940 2458 1197 2523 consideratio-

81 2577 120 2625 ne
136 2565 360 2647 posthabita,
380 2566 545 2630 absolute
559 2567 805 2648 obtinendum,
821 2564 975 2649 ideoque
990 2565 1067 2647 ejus
1086 2581 1199 2630 causa

81 2670 191 2735 nullus
209 2671 385 2754 Princeps
404 2672 599 2737 ditionibus
625 2673 699 2736 suis
716 2673 851 2752 optimo
867 2673 950 2755 jure
967 2671 1108 2754 pollens
1139 2689 1198 2736 ex·

82 2777 215 2842 turbari
227 2784 362 2860 potest,
382 2781 569 2862 multoque
597 2782 714 2845 minus
732 2780 914 2845 Romanus
930 2779 1111 2862 Pontifex,
1139 2780 1200 2862 qui

81 2897 140 2961 pro
170 2885 406 2968 legitimitate
423 2887 542 2951 civilis
559 2885 790 2968 Principatus
811 2891 997 2950 ostentare
1014 2887 1116 2952 valet
1143 2885 1200 2950 fir·

81 2990 273 3056 missimam
291 2993 620 3075 praescriptionem
648 2993 797 3057 circiter
829 2990 1018 3056 duodecim
1038 2992 1200 3056 saeculo·

80 3114 165 3179 rum3
182 3103 209 3178 c)
228 3100 316 3182 quia
348 3100 435 3164 licet
451 3105 683 3183 spectaretur
701 3101 822 3164 unitas
854 3100 1040 3182 regiminis
1061 3098 1201 3182 politici

80 3211 264 3291 tamquam
279 3207 413 3273 bonum
430 3209 677 3273 necessarium
694 3207 835 3272 nationi
851 3211 1002 3290 propter
1027 3205 1201 3270 securita-

79 3314 146 3377 tem
171 3320 211 3380 et
228 3315 382 3379 tutelam
399 3316 585 3399 socialem,
604 3316 716 3380 etiam
734 3321 820 3391 tunc
836 3315 979 3379 servari
998 3313 1130 3377 debent
1147 3329 1201 3376 re·

79 3421 183 3499 gulae
202 3439 268 3486 seu
284 3422 467 3504 principia
480 3422 573 3504 juris
590 3423 771 3486 naturalis
788 3420 876 3484 alibi
890 3419 1058 3502 exposita
1071 3419 1119 3501 (1)
1135 3435 1202 3500 pro

79 3526 255 3592 solvendo
272 3528 444 3594 conflictu
459 3527 555 3593 inter
570 3529 764 3593 societates
781 3529 936 3612 impares
952 3526 1049 3591 bona
1066 3524 1204 3590 diversi

79 3633 215 3698 ordinis
244 3638 519 3717 persequenter,
540 3653 634 3718 quae
651 3634 796 3718 quidem
813 3634 964 3716 regulae
981 3649 1028 3697 ex
1045 3633 1125 3715 ipsa
1141 3649 1203 3696 na·

79 3743 159 3806 tura
175 3743 393 3826 desumptae
407 3747 534 3826 aperte
557 3746 723 3808 statuunt
740 3747 850 3825 atque
868 3743 1043 3806 definiunt
1065 3742 1102 3805 in
1120 3759 1202 3806 con·

79 3845 176 3913 dictu
192 3848 291 3913 inter
306 3847 441 3913 bonum
458 3848 662 3930 temporale
679 3847 834 3928 alicujus
863 3845 1022 3911 nationis
1038 3849 1075 3909 et
1099 3844 1203 3926 spiri·

81 3955 177 4020 tuale
197 3955 307 4020 totius
331 3954 611 4020 christianitatis
641 3953 731 4020 illud
749 3971 829 4020 esse
845 3949 1149 4038 postponendum3
1176 3945 1204 4029 ἃ)

83 4125 269 4139 ψ

149 4292 190 4359 (1)
226 4290 309 4348 cent
322 4292 379 4348 rol.
391 4291 414 4360 1,
424 4305 486 4360 cap.
503 4289 555 4360 111,
567 4292 619 4346 art
632 4288 685 4360 111,
696 4287 775 4344 ndm.
790 4288 849 4342 lte.
1101 4355 1136 4409 16
