3028 4992
550 325 728 382 -391-
843 369 845 374 .

99 467 303 531 exercendis
322 472 433 550 atque
451 468 583 532 mutuis
601 468 761 550 gentium
787 469 904 550 pactis
918 471 955 532 et
968 467 1209 535 decisionibus

98 574 341 655 exsequendis.

182 681 234 743 59.
282 681 558 762 Reproseutatio
588 681 791 763 generatim
820 687 964 764 sumpta
993 682 1082 746 nihil
1110 684 1210 748 aliud

97 791 268 867 estquam
297 787 455 851 facultas
484 788 650 869 personis
668 805 711 852 ae
728 789 837 852 rebus
866 788 1096 870 invigilandi3
1126 790 1210 854 hino

96 895 377 974 repraesentatio
390 893 555 958 Statuum
576 899 675 958 recte
703 893 774 958 dici
803 899 923 976 potest
948 896 1210 978 facultasque

96 999 246 1079 gaudent
264 1001 429 1064 nationes
447 1000 692 1083 prospiciendi
709 1003 874 1082 personis
891 1009 927 1065 et
939 1002 1047 1066 rebus
1064 1019 1210 1066 suorum

95 1109 311 1174 subditorum
327 1109 423 1192 apud
440 1117 599 1192 exteras
619 1115 747 1191 gentes
765 1111 802 1174 in
819 1111 1033 1174 societatem
1050 1111 1209 1174 interna·

95 1215 260 1279 tionalem
293 1222 496 1298 cooptatae.
515 1216 701 1298 Ejusmodi
717 1218 776 1295 ius
794 1235 840 1281 ex
869 1222 1051 1298 potestate
1067 1215 1210 1308 imperii

95 1319 296 1398 (roborante)
315 1323 442 1402 oritur,
458 1329 566 1404 atquc
579 1321 715 1386 idcirco
748 1340 814 1404 per
830 1321 953 1386 Status
970 1339 1158 1402 supremos
1173 1324 1209 1384 et

90 1424 193 1504 juxta
220 1445 424 1491 mensuram
453 1429 699 1510 suprematiae
734 1433 873 1492 tantum
900 1427 1065 1491 exerceri
1094 1427 1207 1508 valet;

94 1531 185 1596 unde
200 1532 319 1597 Status
336 1533 516 1598 foederati
534 1539 571 1597 ut
585 1535 718 1616 singuli
732 1534 889 1616 spectati
903 1533 1208 1615 repraesentatio·

95 1654 139 1701 ne
155 1639 423 1704 internaticnali
438 1649 576 1720 carent,
593 1641 654 1704 vel
668 1659 733 1722 pro
748 1641 817 1704 hac
831 1641 1062 1722 aliquatenus
1075 1639 1208 1702 haben·
1309 1639 1310 1642 ’

96 1742 137 1806 da
155 1745 313 1825 pluribus
330 1745 604 1810 limitationibus
619 1746 821 1828 subjacent,
841 1753 951 1828 atque
966 1744 1090 1810 Status
1107 1744 1209 1808 semi-

95 1852 255 1933 supremi,
275 1851 456 1915 tributarii
475 1852 534 1916 vel
553 1853 708 1934 protecti
741 1851 787 1916 ad
805 1853 1019 1916 exercitium
1051 1851 1210 1934 praelati

93 1957 178 2036 jnris
193 1975 372 2023 consensu
386 1957 550 2040 indigent
568 1960 664 2024 illius
693 1958 828 2039 Status,
845 1959 902 2023 oui
919 1959 1060 2022 ratione
1077 1960 1208 2040 depen-

96 2061 231 2130 dentiae
244 2065 409 2129 subsunt.

176 2171 228 2236 60.
278 2171 333 2234 Ex
346 2172 428 2252 jure
447 2171 797 2253 repraesentationis
827 2175 927 2235 recto
959 2169 1104 2234 tramite
1128 2187 1208 2252 pro-

96 2276 184 2340 cedit
191 2281 255 2364 jus
273 2278 535 2362 diplomaticum
553 2277 791 2360 appellatum,
808 2294 950 2358 nempe,
970 2293 1014 2340 ea
1028 2294 1114 2357 pars
1130 2295 1209 2359 spe·

97 2383 189 2448 cialis
204 2385 226 2449 J
230 2386 304 2449 uris
321 2383 633 2466 lucernarionalie,
661 2401 755 2467 quae
772 2385 809 2447 in
825 2383 1055 2448 moderandis
1074 2400 1118 2447 ac
1134 2400 1208 2447 sus·

96 2489 241 2558 tinendis
259 2491 498 2556 relationibus
523 2492 618 2555 inter
642 2491 777 2571 Status,
797 2507 939 2554 necnon
957 2491 995 2554 in
1011 2484 1209 2572 dirigendis

95 2597 392 2680 perficiendisque
408 2599 540 2662 mutuis
568 2598 728 2680 ipsorum
752 2597 1059 2678 negotiationibus
1077 2597 1209 2678 prima·

94 2703 139 2768 rio
155 2722 200 2768 ac
215 2704 424 2768 immediate
443 2709 624 2768 versatur.
640 2704 682 2768 In
696 2705 779 2785 Jure
792 2703 1026 2785 diplomatico
1041 2705 1206 2786 apprime

94 2813 310 2876 secernenda
323 2819 379 2875 est
390 2811 544 2876 scientia
560 2811 795 2892 diplomatiae
809 2812 855 2874 ab
865 2819 943 2874 arte
958 2809 1206 2893 diplomatiae;

95 2919 218 2982 etenim
235 2919 391 2982 scientia
406 2925 462 2983 est
479 2934 619 2982 summa
648 2919 922 3000 principiorum,
950 2920 1078 3000 quibus
1096 2920 1210 2982 natio·

95 3034 152 3087 nes
182 3025 419 3106 attemperuri
459 3023 592 3087 debent
625 3041 691 3106 pro
726 3023 926 3106 reciprocis
970 3023 1209 3088 relationibus

96 3127 251 3194 ineundis
266 3138 303 3194 et
315 3130 549 3204 asservandis,
566 3129 627 3194 vel
645 3147 710 3210 pro
728 3129 1035 3211 negotiationibus
1053 3128 1100 3192 ad
1117 3130 1209 3193 invi·

96 3251 168 3301 cem
182 3238 396 3302 inchoandis
424 3243 460 3302 et
488 3236 759 3318 concludendis;
791 3255 852 3302 ars
876 3254 965 3302 vero
984 3237 1056 3299 sita
1086 3242 1142 3322 est
1171 3238 1209 3302 in

96 3346 278 3426 complexu
295 3345 503 3426 regularum
521 3362 614 3427 quae
632 3345 874 3426 applicandae
889 3353 994 3408 erunt
1011 3345 1056 3407 ad
1072 3345 1206 3409 bonurn

96 3449 222 3515 exitum
238 3459 275 3515 et
291 3457 430 3516 rectam
444 3451 730 3532 negotiationum
744 3451 1028 3514 exsecutionem.

174 3557 228 3621 61.
277 3555 444 3639 Quinque
458 3557 685 3638 potissimum
699 3555 974 3620 dinumerantur
991 3557 1208 3619 instrumen-

95 3665 204 3729 tason
222 3681 363 3746 organa
387 3664 737 3746 repraesentationis
755 3661 1063 3742 internecionem,
1082 3662 1208 3726 videli-

95 3777 157 3835 cet:
198 3771 334 3837 Summi
373 3770 602 3852 imperantes
642 3777 705 3834 aut
744 3767 994 3834 Moderatores
1034 3767 1208 3850 statuum,

95 3879 246 3958 Agentes
265 3877 512 3959 Diplomatici‚
534 3877 694 3958 Agentes
727 3874 958 3956 Consulares,
979 3873 1205 3956 Oongressus

94 3987 196 4066 atque
213 3983 437 4050 collationes
455 3982 771 4046 incarnationales.
805 3982 861 4046 De
878 3981 1029 4064 singulis
1062 3981 1209 4045 summis

94 4085 192 4153 labiis
208 4089 348 4173 aliquid
361 4088 615 4153 delibabimus.

174 4179 237 4263 62.Ι
274 4197 374 4262 Inter
406 4211 585 4277 personas
617 4194 821 4275 subjectum
853 4196 1210 4278 repraesentativum
