3058 4994
560 389 736 447 -465-

86 553 223 600 causae
235 536 358 616 justae
375 533 577 598 existimari
595 533 735 615 possint
750 532 796 595 ad
811 532 946 596 bellurn
964 533 1206 616 indicendum,

85 641 169 704 illas
201 641 245 704 ad
262 639 399 722 triplex
417 658 532 722 genus
563 639 750 703 commode
778 639 1044 702 revocabimus:
1066 641 1114 701 19*
1135 642 1209 703 vio-

85 747 262 814 lationem
286 747 434 830 jurium,
453 765 547 830 quae
574 747 776 826 naturalia,
795 746 921 809 innata
949 763 1013 809 seu
1042 746 1211 808 absoluta

86 865 268 918 vocantur
285 859 322 920 ct
338 854 477 918 cunctis
494 853 654 918 statibus
673 856 895 934 competunt,
912 853 962 917 uti
975 854 1034 934 jus
1054 853 1209 916 existen·

83 962 171 1042 tiae,
194 961 439 1044 aequalitatis,
459 961 650 1040 libertatis,
671 967 756 1040 etc.;
777 959 829 1023 2.⁰
849 943 1047 1024 laesionem
1061 959 1207 1041 jurium,

84 1087 182 1150 quae
200 1069 410 1152 hypotetica
427 1085 491 1133 seu
508 1068 670 1149 legitime
688 1068 869 1150 acquisita
884 1067 1065 1146 dicuntur,
1086 1073 1211 1148 utpote

83 1176 120 1239 in
137 1176 371 1258 pactionibus
389 1176 579 1257 recognita
596 1179 632 1237 et
656 1175 810 1254 sancita3
827 1173 880 1237 3.⁰
897 1174 1211 1238 conculcationem

79 1284 220 1362 jnrium
237 1283 479 1346 communium
497 1299 540 1345 ac
563 1281 814 1362 positivorum,
847 1298 940 1361 quae
965 1282 1001 1343 in
1034 1283 1211 1345 societate

83 1388 363 1452 internetionali
392 1389 468 1468 jam
497 1392 647 1470 recepta
678 1392 762 1448 sunt
793 1392 829 1448 et
863 1387 1022 1449 unanimi
1050 1389 1211 1468 gentium

83 1496 328 1559 consensione
346 1495 565 1575 muniuntur,
586 1500 673 1576 puta
686 1491 836 1556 libertas
854 1493 1112 1572 navigationis,
1128 1495 1211 1556 abo·

83 1601 163 1666 litio
183 1603 392 1666 commercii
409 1603 639 1684 nigritarum,
660 1607 729 1664 etc.

180 1711 255 1773 135.
304 1709 513 1791 Requiritur
530 1707 688 1772 secundo
717 1712 756 1770 ut
783 1711 978 1770 concurrat
994 1725 1085 1772 vera
1101 1729 1211 1774 ueces-

84 1819 187 1898 ritas,
221 1818 289 1882 hoc
318 1823 384 1898 est,
421 1823 458 1880 ut
486 1817 607 1880 omnia
640 1815 759 1878 media
793 1814 948 1894 pacifica
981 1816 1027 1878 ad
1059 1816 1213 1898 litigium

85 1923 283 1988 finiendum
302 1925 400 2006 prius
419 1929 560 1988 tentata
577 1926 660 2002 siut,
679 1941 747 1986 nec
765 1924 840 1986 ulla
868 1924 942 1986 alia
966 1927 1123 2006 supersit
1151 1927 1212 1990 via

84 2047 151 2110 pro
166 2035 251 2113 jure
269 2031 403 2095 tuendo
419 2039 481 2094 aut
498 2029 708 2112 repetendo.
727 2029 814 2093 Cum
831 2031 925 2093 enim
943 2031 1075 2094 bellum
1094 2033 1141 2093 sit
1158 2051 1212 2094 re·

87 2141 245 2203 medium
259 2143 470 2218 extremum,
482 2137 653 2220 periculis
667 2137 814 2218 plenum
829 2143 863 2198 et
877 2137 1033 2200 maxime
1047 2138 1212 2218 invisum,

87 2246 132 2308 ud
150 2244 331 2327 ejusmodi
348 2261 554 2326 supremum
579 2261 765 2307 recursum
784 2244 981 2323 confugere
1013 2261 1084 2306 non
1114 2245 1211 2326 licet,

88 2350 157 2414 nisi
174 2352 253 2432 ejus
272 2367 373 2414 usum
399 2351 542 2414 omnino
562 2351 721 2432 postulet
747 2367 879 2430 urgens
909 2355 1018 2430 atque
1041 2350 1213 2412 inelucta-

88 2455 171 2521 bilis
190 2458 403 2522 necessitas:
432 2463 467 2520 et
485 2461 571 2520 tunc
589 2458 711 2531 etiam,
732 2455 897 2537 quamvis
923 2456 1101 2536 nationes,
1122 2457 1215 2520 sicut

89 2563 268 2629 individui
297 2564 473 2644 homines,
490 2566 549 2645 Jus
567 2564 727 2628 habeant
745 2579 825 2626 sese
850 2563 895 2625 ab
914 2563 1049 2643 injusta
1068 2581 1214 2644 aggres-

90 2671 191 2735 sione
224 2670 347 2734 tuendi
368 2671 439 2734 vim
457 2671 493 2733 vi
523 2669 748 2752 repellend0,
768 2686 882 2750 usque
912 2669 958 2732 ad
986 2671 1215 2750 aggressuris

90 2795 230 2858 necem,
251 2779 281 2842 si
308 2778 344 2840 id
373 2795 522 2840 necesse
552 2779 672 2858 fuerit,
700 2776 974 2840 custodiendum
1004 2785 1059 2840 est
1084 2779 1215 2858 princi-

91 2887 202 2968 pium,
230 2904 299 2967 quo
328 2885 517 2966 regulatur
542 2885 641 2964 J'usta
670 2883 846 2962 detensim
874 2884 1054 2964 nimirum,
1079 2893 1215 2950 seruato

91 2994 326 3058 moderamine
343 2993 540 3074 inculpatae
559 2991 695 3054 tutelae.

182 3099 258 3162 136.
308 3097 516 3178 Requiritur
531 3098 637 3160 tertio
655 3104 693 3160 ut
706 3097 841 3159 bellum
859 3098 1064 3160 auctoritate
1073 3099 1215 3178 publica

93 3213 254 3285 geratur,
275 3205 395 3284 idest,
412 3205 515 3285 Jussu
541 3211 649 3285 atque
667 3205 812 3266 nomine
840 3221 1032 3284 supremae
1057 3207 1215 3283 potesta-

94 3312 138 3376 tis
157 3312 296 3376 natioui
322 3311 567 3392 praepositam
589 3317 625 3373 et
643 3310 711 3374 hoc
737 3310 881 3391 quidem
900 3309 1033 3389 triplici
1059 3310 1213 3372 ratione:

93 3416 120 3496 ⁸)
139 3420 225 3502 quia
242 3418 377 3482 bellum
396 3423 450 3480 est
468 3423 569 3480 actus
600 3416 759 3496 socialis,
779 3432 822 3477 ac
841 3413 992 3496 proinde
1010 3415 1055 3476 ab
1074 3433 1116 3478 eo
1136 3433 1216 3496 pro-

95 3525 225 3589 cedere
251 3524 371 3604 debat,
391 3523 448 3587 cui
466 3523 638 3603 competit
657 3522 818 3601 regimen
847 3521 1046 3600 societatis
1067 3522 1217 3602 ejusque

95 3635 193 3697 salus
210 3635 248 3696 et
265 3633 391 3711 tutela;
409 3628 434 3710 b)
453 3629 538 3711 quia
563 3629 697 3692 bellum
715 3636 770 3691 est
787 3629 895 3690 etiam
914 3627 1090 3691 institutio
1108 3629 1217 3692 inter-

96 3741 304 3820 nationalis,
324 3746 359 3803 et
384 3757 463 3803 curn
481 3735 603 3800 Status
622 3736 825 3817 subjectum
843 3734 864 3798 J
869 3733 940 3798 uris
958 3735 1117 3815 gentium
1137 3753 1216 3816 pro·

97 3849 174 3927 prie
201 3849 435 3925 constituant,
454 3845 508 3908 illi
536 3845 605 3908 soli
635 3844 811 3906 facultate
837 3840 996 3922 gaudent
1013 3841 1218 3922 hujusmodi

97 3971 303 4036 supremum
327 3971 514 4016 recursum
540 3950 735 4014 adhibendi
754 3967 797 4012 ac
815 3948 1070 4030 prosequendi3
1090 3952 1114 4026 ο)
1135 3949 1219 4029 quia

97 4060 230 4126 bellum
258 4061 458 4144 legitimum
476 4065 645 4123 versatur
664 4063 803 4120 tantum
832 4057 868 4118 in
898 4055 1083 4118 solvendis
1110 4073 1217 4137 quae-

98 4170 272 4234 stionibus
294 4169 386 4250 juris
415 4167 562 4249 publici3
598 4183 682 4230 narn
711 4165 942 4248 quaestiones
980 4164 1147 4245 privatae
1169 4165 1218 4228 di·

99 4277 228 4340 stincto
257 4292 429 4358 processu
443 4273 635 4338 hodiedum
659 4272 888 4352 dirimuntur;
919 4269 1003 4335 hinc
1035 4271 1133 4334 bella
1158 4271 1219 4336 vel

1079 4377 1113 4428 so
