3096 4986
782 374 942 434 ..90-

301 535 381 584 ram
398 523 549 599 navant;
568 515 620 598 29
634 519 790 599 iuvenes
806 518 845 582 in
861 517 931 582 hac
948 517 1077 582 critica
1093 521 1232 595 aetate,
1248 521 1343 582 teste
1376 517 1433 582 iu·

302 631 432 689 ctuosa
446 625 686 708 experientia,
706 623 775 689 nisi
791 624 917 688 sintin
949 624 1127 706 religione
1142 625 1234 688 satis
1251 623 1432 705 versatis,

301 731 465 814 periculo
504 731 787 813 irreligiositatis
825 729 970 796 facilius
1006 736 1252 813 exponuntur,
1291 730 1435 796 etenim

302 837 585 918 sophismatibus
617 837 807 900 allucinati
831 843 867 900 et
891 841 995 900 aestu
1031 837 1242 918 passionum
1282 836 1436 918 abrepti

303 961 554 1027 quaecumque
570 948 699 1008 contra
711 943 924 1025 religionem
941 941 1093 1008 audiunt
1110 943 1171 1009 vei
1203 943 1343 1025 legunt,
1364 961 1432 1006 au-

302 1050 429 1114 dacter
445 1057 482 1114 et
498 1050 693 1114 temerarie
709 1049 882 1130 amplecti
897 1055 1154 1130 consuescens
1172 1047 1226 1114 3.⁰
1257 1065 1434 1132 praeser-

303 1157 367 1220 tim
400 1158 461 1239 qui
495 1157 657 1220 scientiis
684 1173 809 1220 curam
838 1155 1052 1239 impendunt
1079 1161 1118 1220 et
1145 1157 1435 1222 instructionem

302 1265 527 1346 superiorem
545 1264 743 1346 accipiunt,
763 1279 805 1327 eo
822 1262 902 1345 ipso
919 1261 1016 1345 quod
1029 1264 1065 1326 in
1084 1263 1243 1327 veritate
1275 1263 1435 1328 investi·

302 1373 425 1453 ganda
441 1390 513 1437 non
530 1377 671 1436 tantum
688 1371 907 1436 auctoritate
935 1387 1044 1453 quam
1073 1369 1266 1434 ratiocinio
1292 1371 1434 1434 ducan-

301 1485 374 1560 tur,
392 1477 553 1543 iunditus
584 1493 807 1560 cognoscere
836 1475 969 1541 debent
987 1477 1126 1540 motiva
1158 1475 1434 1555 credibilitatis,

303 1584 433 1667 quibus
450 1591 634 1666 tamquam
651 1581 861 1646 rationabili
885 1580 1122 1646 fundamento
1147 1589 1184 1646 et
1208 1581 1438 1648 extrinsecis

303 1690 527 1772 argumentis
545 1689 712 1753 innititur
729 1688 868 1753 raritas
885 1687 1073 1770 religionis
1098 1687 1335 1754 christianae.

393 1795 558 1861 Ecclesia
575 1795 685 1878 igitur
701 1795 738 1860 in
754 1797 920 1862 Instituta
935 1805 1158 1878 caeteraque
1183 1795 1438 1861 secundariae

302 1903 553 1968 instructionis
567 1903 736 1986 collegia,
753 1903 790 1968 in
806 1901 926 1968 Scelus
942 1903 1127 1968 Nos-molas
1139 1905 1252 1985 atquo
1277 1903 1315 1966 in
1343 1903 1438 1968 Aca·

302 2011 435 2074 demtos
452 2011 750 2091 praeparatoriae
768 2009 894 2073 iisdem
905 2009 1048 2091 juribus
1064 2011 1202 2090 potitur
1221 2010 1315 2074 acin
1328 2010 1437 2074 scho-

302 2115 358 2180 las
379 2115 575 2198 populares
592 2117 759 2198 publicas
778 2115 898 2197 quoad
914 2118 1155 2180 materiarum
1173 2115 1439 2199 praescriptio-

303 2241 398 2304 nem,
417 2223 606 2288 dootrinae
622 2223 865 2305 vigilantiam,
883 2229 920 2287 et
937 2239 1181 2304 personarum
1197 2221 1438 2306 approbatio·

303 2347 385 2394 nem
405 2335 468 2393 aut
484 2329 787 2411 designationem:
807 2327 891 2392 hinc
908 2328 1006 2411 apud
1032 2329 1236 2393 catholicas
1264 2331 1439 2394 nationes

302 2433 475 2518 Episcopi
500 2437 537 2500 in
565 2435 715 2503 Consilio
733 2453 798 2516 pro
816 2435 1048 2501 instructions
1067 2437 1211 2502 Publica
1228 2437 1440 2519 regulanda

303 2542 468 2606 instituto
497 2543 616 2606 iocum
641 2542 827 2624 proprium
844 2549 881 2606 et
897 2543 1093 2624 genuinam
1120 2545 1439 2624 repraesentatio·

303 2665 387 2711 nem
404 2649 581 2726 obtinent;
599 2649 683 2712 hinc
699 2649 737 2712 in
761 2649 919 2712 laudatis
935 2649 1136 2730 gymnasiis
1166 2649 1266 2730 oiim,
1286 2650 1440 2732 quando

304 2753 503 2818 christiano
532 2755 660 2836 spiritu
688 2755 827 2819 imbuta
844 2761 923 2820 erat
940 2756 1135 2837 legislatio,
1155 2773 1228 2820 nou
1246 2755 1353 2820 modo
1373 2773 1439 2820 ax·

304 2860 511 2942 plicabatur
525 2861 605 2924 fuse
618 2879 663 2924 ac
675 2861 884 2944 diligentius
901 2863 1157 2942 catechismus,
1176 2879 1305 2928 verum
1320 2863 1442 2928 etiam

303 2966 490 3031 studiosae
504 2967 689 3048 juventuti
705 2968 919 3032 tradebatur
935 2969 1106 3050 apologia
1130 2969 1319 3051 religionis
1338 2970 1441 3036 chri-

303 3073 459 3152 stianae,
479 3073 530 3136 uti
559 3073 756 3154 pretiosum
788 3075 1036 3139 instructionis
1070 3075 1267 3156 religiosae
1284 3093 1352 3158 pro
1370 3077 1442 3141 iai.

304 3179 357 3244 cis
374 3179 690 3262 complementum3
709 3187 745 3242 et
762 3179 967 3262 hodiedum,
987 3181 1155 3263 quamvis
1188 3181 1443 3265 undequaque
1532 3239 1533 3274 3

303 3291 520 3368 grassantur
537 3285 760 3350 recentiores
792 3285 836 3350 de
853 3287 1147 3367 emancipatione
1180 3291 1217 3351 et
1234 3289 1442 3354 saeculari·

304 3393 450 3455 natione
482 3393 645 3457 theoriae
663 3411 685 3456 a
715 3393 953 3457 naturaiismo
971 3392 1223 3475 philosophico
1250 3400 1287 3458 at
1303 3394 1443 3460 iibera-

304 3497 408 3560 lismo
426 3499 575 3578 politico
593 3497 822 3580 propalatae,
852 3497 979 3562 tamin
997 3497 1207 3580 regionibus
1227 3499 1287 3564 ubi
1305 3517 1445 3582 agnos·

305 3603 400 3666 citur
414 3601 691 3668 Catholicismus
702 3604 804 3669 velut
821 3605 949 3687 religio
967 3605 1158 3670 dominans
1173 3605 1309 3688 Status,
1325 3625 1445 3689 quam
1531 3641 1532 3689 ,

305 3707 343 3771 iu
371 3708 459 3788 ipsis
489 3709 683 3773 ditionibus
715 3709 999 3775 Protestantium
1016 3711 1081 3794 (uti
1098 3712 1138 3776 iit
1154 3713 1192 3776 in
1210 3710 1444 3800 Germania),

310 3815 368 3879 rei
393 3814 512 3880 adhuc
536 3823 774 3881 asservantur
802 3819 864 3882 vei
881 3818 999 3884 denuo
1032 3823 1180 3885 erectae
1211 3826 1296 3885 sunt
1313 3823 1448 3904 (prout

304 3937 422 4001 nuper
439 3921 576 3985 factum
594 3926 649 3984 est
665 3923 702 3986 in
718 3923 909 4006 Hispania)
922 3925 1121 3990 cathedrae
1135 3925 1339 4008 religionis,
1360 3930 1445 4011 qui·
1530 3969 1531 3988 t

304 4025 372 4088 bus
400 4027 623 4091 catechistae
655 4031 835 4110 speciales
852 4031 913 4094 vel
930 4032 1157 4114 professores
1176 4031 1223 4096 ad
1256 4032 1327 4098 hoo
1343 4034 1446 4101 desi·

305 4131 421 4213 gnati,
437 4139 475 4196 ut
493 4135 684 4215 plurimum
699 4137 921 4219 sacerdotes,
937 4139 1210 4220 praeficiuntur,
1222 4139 1269 4204 ad
1282 4157 1447 4222 quorum

305 4236 482 4302 lectiones
499 4239 636 4302 alumni
660 4241 836 4307 adsistere
860 4249 1031 4310 tenentur
1059 4261 1141 4310 oum
1158 4261 1273 4315 onere
1292 4252 1447 4330 experi·
1529 4301 1530 4334 ,

306 4347 468 4407 mentum
485 4343 673 4410 subeundi.
