3028 4992
566 416 745 472 -327-

21 580 23 583 ’
104 564 187 640 rent,
206 577 229 623 a
247 559 422 624 Pontiflce
439 559 600 642 legitimo
615 561 698 640 jure
717 559 881 624 coerceri
905 562 1077 642 poterant
1094 565 1219 643 utpote

20 752 21 755 Ἴ
102 663 215 729 hostes
247 666 385 748 publici
414 666 499 730 boni
528 665 818 746 christianitatis,
849 683 894 729 ac
924 665 1076 747 proinde
1105 666 1218 748 ipsius

102 772 294 854 religionis,
325 773 455 837 saltem
483 773 673 852 indirecte;
700 772 796 856 quod
824 773 854 837 si
884 771 1063 856 quaedam
1093 779 1218 855 partos

103 879 155 942 vel
169 881 339 944 nationes
357 879 401 942 de
417 879 633 960 gravamine
661 878 764 942 illato
790 884 1115 961 conquererentur,
1135 880 1218 944 ade-

100 991 151 1048 rat
175 1003 324 1068 semper
348 1003 517 1050 recursus
546 985 593 1048 ad
621 984 836 1067 Supremam
869 984 1002 1050 Christi
1019 985 1217 1068 Vicarium,

100 1093 164 1174 qui,
190 1092 285 1158 duce
306 1093 462 1174 justitia,
489 1093 742 1156 contentiones
769 1091 975 1172 dirimebat,
1003 1091 1136 1156 damna
1165 1109 1218 1156 re·

19 1273 20 1276 Ἴ
98 1201 221 1264 sarciri
238 1201 405 1281 curabat,
425 1207 461 1264 ct
479 1217 537 1264 res
555 1217 679 1264 omnes
697 1216 815 1282 aeque
844 1217 889 1263 ac
907 1199 1059 1283 pacifice
1076 1217 1218 1282 compo·

99 1306 215 1371 nebat.

180 1413 259 1478 193.
307 1412 377 1476 Pro
395 1411 465 1476 hac
483 1413 799 1494 praestantissima
833 1413 1086 1478 controversia
1103 1413 1219 1478 absol·

98 1520 213 1584 venda
238 1537 444 1585 memorare
476 1521 639 1602 cogimur
671 1519 808 1584 iactum
844 1520 966 1603 utIque
998 1521 1219 1585 luctuosissi-

18 1614 19 1617 '
99 1643 200 1708 mum,
218 1643 352 1708 nempe
381 1626 530 1689 totalem
556 1625 815 1690 extinctionem
843 1623 1091 1690 Ethnarchiae
1119 1624 1218 1690 Chri·

98 1732 247 1796 adanae:
270 1751 292 1796 a
308 1732 456 1796 saeculo
475 1731 569 1796 enim
587 1731 672 1796 XVI
698 1738 848 1814 propter
872 1732 1099 1798 criminalem
1123 1732 1218 1797 defe-

99 1839 250 1904 ctionem
279 1839 488 1921 Principum
535 1857 579 1904 ac
612 1839 844 1920 populorum,
879 1840 1142 1904 maximevero
1175 1840 1220 1904 ob

98 1945 315 2027 culpabilem
344 1945 502 2027 plurIum
533 1947 694 2030 gentium
728 1946 997 2028 separationem
1016 1947 1063 2011 ab
1080 1946 1221 2010 unitate
1303 2023 1308 2034 .

99 2052 277 2118 catholica
301 2069 452 2134 prorsus
483 2051 590 2116 desiit
621 2051 875 2116 Christianitas
907 2052 1015 2116 medii
1044 2053 1140 2132 aevi3
1175 2071 1221 2118 ex

98 2160 177 2223 tunc
195 2159 389 2242 temporis,
420 2163 529 2241 rupta
558 2159 698 2222 unitate
731 2159 894 2241 politica,
928 2176 1022 2243 quae
1053 2159 1220 2223 nationes

98 2263 188 2329 illius
203 2267 343 2330 aetatIs
356 2264 402 2328 ad
415 2265 628 2328 societatem
643 2263 916 2328 ethnarchicam
930 2263 1221 2328 constituendam

99 2371 306 2454 colligabat,
328 2387 400 2435 nec
416 2371 545 2452 religio
563 2371 631 2434 fuit
648 2371 803 2452 amplius
827 2371 1011 2435 vinculum
1026 2369 1221 2453 juridicum

98 2479 377 2544 consociationis
407 2479 713 2559 internetionalis,
743 2496 861 2561 neque
906 2477 1042 2542 idcirco
1070 2475 1222 2541 Romani

98 2582 288 2652 Pontifices
306 2585 421 2650 habiti
437 2591 522 2650 sunt
539 2586 641 2650 velut
673 2586 878 2668 subjectum
907 2585 1095 2667 proprium
1113 2601 1156 2648 ac
1172 2583 1221 2647 le·

9 2713 10 2790 p
98 2691 256 2770 gitimum
272 2709 466 2774 supremae
483 2692 674 2774 potestatIs
684 2691 870 2774 judicialis
896 2709 985 2774 erga
1002 2691 1157 2774 populos
1175 2707 1220 2754 ac

9 2813 11 2860 τ
97 2803 218 2876 gentes
236 2800 410 2882 antiquae
427 2797 595 2880 Europae
624 2797 866 2875 Christianae,
885 2799 949 2864 sed
967 2799 1089 2864 omnia
1107 2817 1216 2882 nego·

9 2909 12 2990 ζ
98 2902 145 2966 tia
161 2913 199 2970 et
216 2906 410 2988 graviores
440 2906 686 2987 quaestiones,
718 2922 812 2987 quae
829 2905 997 2970 nationes
1014 2903 1222 2972 Occidentis

9 3031 10 3040 2
100 3009 243 3077 allicere
260 3017 410 3094 queant,
430 3011 467 3075 in
481 3017 590 3076 coetu
619 3012 826 3094 Principum
853 3013 1144 3094 praepotentium
1162 3011 1223 3075 vel

9 3125 10 3152 ³
100 3113 132 3179 in
144 3118 401 3202 congressibus
418 3117 583 3182 Statuum
601 3117 794 3182 hodiedum
805 3117 1016 3198 judicantur
1030 3123 1139 3200 atque
1152 3118 1221 3181 sol-

100 3231 240 3289 vuntur.

180 3331 275 3396 Huic
291 3331 404 3413 igitur
423 3328 710 3394 Christianitatis
739 3328 968 3394 dissolutioni
992 3346 1081 3394 vere
1097 3329 1222 3410 lugon·

9 3501 10 3516 ,
100 3431 161 3499 dae
177 3454 307 3502 ansam
325 3435 458 3500 dedere
474 3436 735 3517 complurimae
767 3453 913 3517 causae,
934 3453 1025 3518 quas
1044 3436 1125 3500 heic
1142 3435 1220 3499 bre·

9 3609 10 3612 Ἴ
100 3538 242 3606 vrssime
259 3541 453 3606 innuimus:
474 3541 502 3620 ⁸)
520 3549 662 3606 conatus
686 3541 894 3624 Principum
908 3559 948 3605 se
964 3541 1221 3606 substrahendi

99 3644 141 3710 ab
156 3650 376 3714 auctoritate
395 3647 622 3728 Pontificum,
654 3665 749 3730 quae
767 3647 913 3730 quidem
931 3648 1130 3730 propensio
1145 3649 1222 3728 J'am

101 3755 292 3820 assecuto
323 3753 413 3818 XIII
442 3752 637 3835 detegitur;
670 3771 768 3834 nam,
803 3772 883 3819 cum
913 3755 1070 3820 societas
1102 3755 1222 3819 civilis

9 3877 10 3880 ¹
99 3859 280 3926 meliorem
303 3861 486 3942 coepisset
511 3861 648 3925 habere
679 3861 1003 3942 organisationem,
1039 3861 1221 3944 simulque

101 3959 301 4048 Principum
327 3975 489 4048 potestas
516 3967 740 4048 pedetentim
772 3968 888 4048 magis
918 3967 1075 4032 solidata
1109 3975 1220 4048 esset,

100 4066 210 4154 Reges
243 4071 450 4156 Summique
480 4071 708 4156 Imperantes
739 4073 915 4138 invocare
947 4079 1221 4138 consueverunt

98 4175 267 4254 judicium
292 4179 487 4260 Pontificis,
517 4197 589 4243 non
620 4177 765 4262 quidem
794 4183 831 4243 ut
862 4177 996 4244 Christi
1015 4179 1153 4244 Vicarii
1186 4184 1223 4245 et

9 4283 10 4286 ’
102 4281 263 4368 Supremi
282 4286 522 4352 Moderatoris
554 4285 801 4351 Ethnarchiae
829 4284 1072 4369 Christianae,
1103 4285 1168 4351 sed
1185 4290 1223 4350 ut
