3038 4994
776 361 891 418 —222
912 393 950 406 -

301 508 389 570 tiam
428 505 613 588 importat,
657 507 695 570 in
739 504 878 569 saeculi
921 501 1150 586 Principibus
1182 500 1278 564 hanc
1310 499 1445 582 ipsam

303 615 472 678 unionem
504 617 720 695 agnoscunt,
750 612 1021 694 proclamantes
1055 615 1131 674 tum
1176 609 1322 674 theorice
1355 612 1446 670 turn

297 724 455 806 practice
472 719 699 802 imperialem
718 723 780 782 aut
804 719 943 800 regiam
961 721 1181 800 potestatem
1211 733 1283 779 una
1315 714 1445 778 consi·

302 832 519 910 stereposse
533 843 613 892 cum
627 825 828 909 pontificali
845 825 1022 908 dignitate
1040 841 1084 888 ao
1102 821 1286 906 spirituali
1308 824 1444 884 aucto·

304 935 426 999 ritate:
445 934 636 1014 theoretice,
656 933 790 1016 quippe
807 940 931 996 notum
950 935 1251 1013 compertumque
1284 932 1446 992 estnon

305 1039 410 1104 modo
424 1043 682 1122 protestantes,
714 1037 977 1102 verumetiam
1008 1033 1318 1118 pseudopoliticos
1349 1031 1446 1094 totis

304 1146 444 1210 viribus
462 1162 696 1228 propugnare
712 1143 941 1226 Principibus
959 1145 1169 1224 competere
1177 1143 1242 1227 jue
1260 1141 1297 1203 io
1312 1157 1443 1216 sacra,

306 1253 358 1316 uti
370 1251 516 1316 effutire
529 1251 659 1333 solent;
673 1253 842 1336 practice,
861 1250 1033 1332 quoniam
1060 1248 1218 1328 Regibus
1235 1251 1272 1310 et
1300 1243 1444 1326 Supre-

305 1357 372 1422 mis
403 1357 678 1439 Magistratibus
705 1357 919 1420 exercitium
952 1356 1140 1436 utriusque
1158 1351 1356 1434 potestatis
1375 1350 1445 1414 tri-

305 1464 431 1544 buunt,
447 1481 492 1527 ac
508 1463 622 1526 veluti
636 1463 775 1528 licitum
793 1467 829 1528 et
847 1462 991 1526 omnino
1010 1459 1212 1542 legitimum
1238 1457 1446 1521 admittunt

306 1573 416 1652 atque
445 1568 656 1633 defendunt.

395 1675 604 1755 Enimvero,
623 1691 746 1740 omnes
776 1677 910 1750 norunt
926 1673 963 1736 in
977 1671 1113 1754 Anglia
1128 1670 1294 1752 reginam
1312 1667 1446 1732 Victo·

305 1781 398 1844 riam
415 1797 460 1844 ex
474 1781 729 1845 constitutione
742 1779 888 1860 Imperii
907 1777 1108 1842 Britannici
1123 1779 1349 1858 potestatem
1366 1775 1446 1856 spi-

306 1889 475 1952 ritualem
488 1905 553 1952 seu
567 1887 788 1970 pontificiam
802 1886 870 1950 sibi
883 1903 1060 1968 arrogare
1072 1886 1152 1952 sive
1163 1885 1210 1948 ad
1220 1885 1320 1964 leges
1337 1883 1447 1946 circa

306 1993 426 2074 fidem,
445 2010 563 2058 mores
581 2011 625 2058 ac
642 1992 870 2074 disciplinam
889 1991 1113 2072 condendas,
1128 1991 1209 2055 sive
1226 1989 1273 2054 ad
1285 1988 1446 2071 Episco-

307 2119 373 2182 pos
391 2100 589 2182 eligendos,
606 2101 730 2182 eisque
752 2098 1042 2180 jurisdictionem
1059 2096 1334 2176 conferendam,
1357 2113 1446 2160 nee-

307 2225 381 2271 non
397 2205 443 2270 ad
461 2206 559 2288 ipsos
592 2205 839 2286 deponendos,
859 2209 968 2286 prout
984 2205 1122 2268 iactum
1140 2209 1197 2268 est
1213 2202 1337 2286 quoad
1356 2201 1445 2284 Epi·

311 2331 461 2394 scopum
499 2312 730 2394 anglicanum
747 2310 913 2392 Colacem
940 2311 1080 2393 pariter
1113 2311 1350 2392 exploratum
1386 2315 1448 2372 est

308 2418 586 2484 Autooratorem
597 2417 806 2482 Russiarum
820 2418 1011 2482 universas
1024 2416 1174 2500 Imperii
1183 2417 1239 2480 sui
1249 2415 1445 2480 Ecclesiae

308 2541 438 2606 regere
455 2541 498 2588 ao
517 2523 698 2588 moderari
716 2540 781 2604 per
798 2519 995 2586 Consilium
1011 2527 1233 2603 permanens
1250 2519 1445 2602 Synodale

308 2631 494 2712 Petropoli
510 2631 575 2694 sub
594 2631 626 2710 ej
634 2648 673 2694 us
689 2645 861 2711 suprema
893 2629 1113 2692 auctoritate
1130 2632 1167 2692 et
1185 2626 1446 2711 praesidentia

310 2737 556 2816 constitutum;
573 2735 729 2817 denique
743 2735 838 2798 idem
851 2734 967 2798 asseri
980 2739 1102 2817 potest
1114 2733 1160 2800 de
1174 2733 1257 2798 aliis
1270 2733 1445 2815 plurimis

310 2842 589 2924 protestantium
606 2841 848 2922 Principibus,
876 2857 988 2922 penes
1017 2857 1108 2922 quos
1126 2840 1265 2906 residet
1296 2857 1446 2904 summa

309 2951 472 3030 potestas
488 2963 599 3028 super
615 2945 798 3010 Ecclesias
816 2947 954 3010 locales
971 2945 1246 3030 Principatuum
1266 2951 1332 3010 aut
1349 2946 1444 3027 Reg-

309 3071 450 3134 norum,
466 3052 594 3135 quibus
611 3053 789 3134 praefecti
817 3059 912 3134 sunt,
931 3053 983 3116 ita
1000 3057 1039 3118 ut
1055 3069 1122 3136 per
1148 3071 1234 3118 suos
1252 3053 1445 3118 ministros

310 3159 543 3224 dominantur
560 3157 801 3240 consistoriis,
828 3157 1103 3240 Conciliabulis,
1130 3161 1367 3242 caeterisque
1385 3178 1443 3224 ec-

311 3265 526 3329 clesiasticis
539 3265 701 3330 coetibus
719 3264 941 3348 praesident,
960 3265 1156 3348 omniaque
1184 3265 1364 3348 religiosa
1381 3283 1444 3330 ne-

311 3371 412 3451 gotia
424 3370 590 3452 judicant
606 3387 651 3434 ac
668 3369 851 3434 dirimunt.
