3096 4986
793 341 952 400 ..78-

316 485 484 568 equidem
502 487 645 568 spectat
659 483 826 566 judicare
844 483 889 548 de
909 483 1014 548 modo
1033 483 1283 566 opportuniori
1300 491 1337 547 et
1352 499 1444 547 eon·
1530 527 1531 530 ,

312 601 487 656 sentence
507 591 682 656 veritates
699 590 782 655 fidei
810 590 978 655 tradendi
1009 595 1119 672 atque
1152 589 1375 671 explicandi,
1399 595 1443 652 ut

314 698 514 762 efficaciter
546 697 581 760 in
611 713 729 760 mores
747 695 906 758 fidelium
935 694 1099 758 influant.
1133 693 1240 774 Hinc,
1260 693 1443 775 quidquid
1530 685 1531 754 ἰ

314 803 515 868 effutierint
541 801 749 884 Regalistae
766 807 803 866 et
826 801 1041 865 Janseniaoi
1073 801 1222 864 saeculo
1255 799 1442 880 superiori
1530 843 1531 858 2

313 910 383 975 hec
400 910 444 974 de
462 927 514 991 re,
534 917 570 974 et
586 927 659 974 non
677 909 906 974 obstantibus
923 909 1081 974 decretis
1109 917 1235 972 nostra
1263 915 1387 972 aetate
1401 909 1442 972 in
1530 893 1531 978 J

313 1018 485 1083 Helvetia
514 1018 610 1098 latis,
632 1034 773 1082 necnon
791 1017 925 1099 iniquis
945 1015 1250 1098 prohibitionibus
1278 1016 1324 1080 ab
1354 1015 1441 1078 aliis
1530 1027 1531 1072 i

288 1177 292 1182 .
313 1125 499 1208 guberniis
517 1124 707 1188 hostilibus
721 1123 840 1203 editis,
856 1123 902 1188 ad
931 1123 1136 1188 Ecclesiam
1165 1141 1310 1204 semper
1328 1123 1441 1205 pleno
1530 1119 1531 1194 ἒ

310 1231 394 1312 jure
412 1231 581 1294 attinebit
610 1235 772 1312 potestas
790 1230 1010 1294 decernendi
1026 1247 1206 1312 quaenam
1226 1231 1343 1293 forma
1363 1247 1438 1294 ma·

315 1337 369 1418 gis
401 1336 574 1418 expediat
602 1353 668 1418 pro
685 1335 852 1400 doctrina
870 1335 1052 1400 catholica
1069 1335 1301 1416 exponenda,
1328 1336 1440 1416 juxta

314 1441 462 1506 diversa
479 1460 612 1522 rerum,
632 1443 793 1506 locorum
812 1460 856 1506 ac
886 1448 1088 1524 temporum
1117 1441 1305 1522 adjmrcta3
1324 1441 1441 1522 ipsius

316 1551 467 1632 prolude
484 1549 669 1614 eritilnire
688 1555 796 1632 atquc
822 1550 953 1613 docere
983 1555 1101 1614 utrum
1126 1548 1354 1630 praedicatio
1369 1548 1438 1612 sub
1530 1599 1531 1638 ,

315 1658 433 1720 forma
449 1659 649 1721 missionum
669 1655 792 1738 populi
810 1655 998 1720 christiani
1017 1655 1297 1720 necessitatibus
1316 1655 1434 1736 magis
1530 1685 1531 1744 j

316 1763 522 1846 adaequata
551 1764 731 1842 videatur,
765 1763 826 1826 vel
843 1780 863 1826 e
880 1770 1072 1827 contrane
1101 1765 1167 1827 sub
1196 1765 1315 1828 forma
1345 1771 1440 1828 cate·

315 1871 436 1950 circeis,
453 1870 644 1952 pastoralia
665 1871 903 1934 instructionis
917 1875 980 1932 aut
991 1869 1153 1934 solemnis
1166 1871 1341 1936 concionis
1355 1868 1445 1932 fide·
1530 1867 1531 1898 ³

316 1978 402 2042 lium
417 1975 615 2040 conditioni
633 1976 752 2056 aptior
769 1975 952 2038 censenda
965 1975 1024 2038 sit.
1530 1973 1531 1976 ’

406 2085 436 2172 c)
463 2081 639 2163 Denique,
666 2081 831 2152 Ecclesia
855 2077 1046 2144 Catholice
1079 2097 1233 2145 munere
1265 2079 1445 2143 divinitus
1530 2061 1531 2144 Ῠ

316 2189 478 2268 injrmcte
497 2186 621 2250 fideles
640 2186 848 2250 instituendi
866 2187 953 2250 etin
972 2186 1179 2266 proicsicne
1205 2193 1330 2250 rectae
1356 2185 1446 2250 fidei
1530 2223 1531 2278 1

316 2293 543 2360 custodiendi
576 2293 748 2374 iungitur,
768 2293 970 2356 nouaclum
988 2293 1085 2355 intra
1118 2293 1201 2356 loca
1217 2310 1337 2372 sacra,
1359 2310 1446 2356 ver·
1530 2317 1531 2384 ξ

319 2403 401 2465 bum
416 2399 482 2463 Dei
496 2398 745 2462 annuntiando
760 2407 796 2462 et
807 2397 1006 2461 christiana
1020 2397 1192 2479 dogmata
1208 2397 1445 2479 exponend0,
1530 2385 1531 2426 ³

320 2507 570 2572 verumetiam
588 2511 694 2568 extra
710 2505 859 2585 templa,
874 2505 1130 2569 interveniendo
1144 2505 1179 2568 in
1198 2504 1345 2584 scholis,
1362 2505 1448 2568 sive

318 2614 485 2696 nepetino,
505 2611 573 2674 hoc
606 2617 673 2691 est,
693 2612 853 2675 curando
872 2629 916 2674 ne
935 2613 971 2674 in
995 2609 1123 2674 iisdem
1141 2609 1332 2674 doctrinae
1349 2609 1447 2674 chri·

319 2719 461 2780 stianae
480 2722 691 2798 attentetur,
711 2718 789 2782 sive
800 2719 962 2802 positive,
975 2735 1117 2799 nempe,
1138 2717 1347 2798 religiosam
1367 2719 1446 2780 cul·

321 2833 438 2887 turam
472 2823 720 2904 promovendo
739 2823 775 2886 in
792 2823 927 2888 scholis
945 2831 1018 2888 tam
1048 2823 1299 2888 saecularibus
1332 2842 1449 2906 quam

319 2928 592 2996 ecclesiasticis.
1530 2999 1531 3014 χ

410 3033 480 3099 Sed
513 3053 593 3098 cum
612 3034 771 3098 fidelium
800 3035 976 3098 institutio
1004 3035 1043 3098 in
1073 3035 1278 3100 orthodoxa
1306 3035 1380 3100 ilde
1411 3041 1451 3100 et
1530 3077 1531 3122 ,

320 3142 521 3206 christiane
535 3141 699 3204 doctrina
716 3147 822 3204 extra
838 3141 919 3206 loce
932 3159 1039 3205 sacra
1053 3143 1272 3222 praesertim
1289 3142 1327 3206 in
1340 3143 1450 3206 scho·

321 3250 366 3313 lis
379 3250 454 3330 liat,
470 3259 506 3312 et
525 3249 686 3330 alioquin
704 3247 992 3328 quamplurimae
1006 3249 1239 3329 quaestiones
1251 3248 1321 3312 hac
1334 3266 1452 3330 super
1530 3275 1531 3348 ᾗ

321 3375 361 3420 re
385 3358 518 3420 nostris
532 3355 657 3420 diebus
674 3363 825 3418 exortae
850 3355 934 3434 siut,
955 3372 1049 3436 quae
1069 3373 1091 3417 a
1107 3356 1271 3436 patronis
1289 3357 1451 3420 saecula·
1530 3433 1531 3438 ἵ

321 3464 503 3528 riaetionis
532 3462 670 3543 ingenti
687 3461 874 3542 religionis
897 3461 1044 3540 jactura
1079 3461 1361 3542 permiscentur,
1382 3462 1448 3526 vel
1530 3503 1531 3552 ,

322 3585 404 3630 cum
432 3573 561 3648 aperta
592 3567 779 3632 Ecclesiae
808 3567 943 3647 jurium
970 3566 1173 3636 violatione
1202 3573 1450 3648 praepostere
1530 3581 1531 3606 l

322 3673 526 3750 solvuntur,
557 3673 677 3754 operis
705 3662 859 3754 pretium
889 3672 1052 3736 ducimus
1070 3671 1114 3735 de
1133 3671 1203 3736 hac
1219 3673 1449 3754 gravissima

323 3779 575 3842 controversia
592 3779 803 3860 singillatim
818 3779 1009 3860 disserere,
1029 3779 1200 3862 sequenti
1223 3779 1380 3844 articulo
1396 3781 1452 3844 in·

324 3886 508 3969 quirentes
527 3885 644 3966 qualis
661 3891 697 3948 et
725 3893 862 3967 quanta
880 3885 927 3949 sit
953 3885 1229 3950 ecclesiasticae
1253 3889 1453 3968 potestatis

291 3975 298 3985 ’
323 3989 544 4054 interventio
562 3989 599 4052 in
617 3988 750 4053 scholis
774 3989 871 4072 apud
889 3989 1090 4054 catholicas
1109 3990 1292 4072 nationem
1312 3991 1453 4056 etenim
1530 3981 1531 4038 i

325 4101 426 4159 recte
443 4093 696 4175 praestabilita
714 4101 845 4159 natura
863 4102 972 4178 etque
996 4095 1212 4174 extensione
1239 4097 1453 4178 hujusmodi
1530 4133 1531 4172 r

324 4201 567 4278 interventus,
582 4206 619 4263 et
635 4217 778 4264 errores
795 4201 904 4265 facile
933 4206 1171 4268 conterentur
1198 4207 1236 4268 et
1263 4203 1453 4285 quaelibet
1530 4205 1531 4298 l

329 4305 585 4388 aequivocatio
604 4305 749 4370 omnino
767 4305 939 4371 cessabit.
