3062 4994
531 421 709 479 -107-

155 561 260 626 Recte
277 562 452 645 distingui
466 573 618 644 possunt
635 564 672 627 in
689 564 855 646 publicas
868 569 905 629 et
918 565 1096 646 privatas:
1117 587 1184 650 pa·

84 667 173 732 tltcao
187 670 421 750 appellantur
440 687 535 752 quae
552 670 598 734 ad
618 689 720 734 suum
749 688 899 752 scopum
932 671 1184 753 attingendum

84 777 283 854 agnitionem
301 777 347 840 ab
381 775 548 840 Ecclesia
581 782 710 858 petunt
735 778 885 860 eiusque
919 779 1185 860 approbatione

84 882 341 962 constituuntur;
367 885 534 968 privatae
575 882 853 948 denominantur
878 902 972 967 quae
998 901 1097 948 mera
1121 901 1183 947 vo·

85 986 204 1052 luneio
231 991 457 1071 privatorum
491 991 604 1054 initae
621 990 728 1054 finem
754 975 951 1072 quemlibet
974 991 1184 1072 religiosum

83 1104 340 1178 persequuntur:
350 1100 513 1182 publicae
523 1107 644 1162 autem
659 1099 841 1163 subdividi
853 1101 1014 1164 assolent
1026 1102 1063 1164 in
1077 1101 1184 1164 colle·

85 1201 185 1266 ctivas
198 1211 235 1266 et
252 1204 477 1286 collegiales3
505 1207 702 1271 collectivae
725 1205 894 1270 dicuntur
909 1225 1003 1288 quae
1021 1207 1184 1288 recogni-

86 1307 202 1372 tionem
220 1310 265 1373 ab
284 1309 451 1375 Ecclesia
468 1313 655 1393 postulant
680 1317 717 1374 ut
732 1329 856 1397 merae
873 1331 1052 1394 personae
1076 1313 1181 1376 colle·

86 1413 198 1496 stivae,
213 1415 280 1480 boc
294 1422 361 1499 est,
379 1424 563 1499 tamquam
582 1417 705 1500 plures
718 1435 898 1499 personae
912 1419 1086 1500 physicae
1110 1435 1183 1480 mu·

87 1527 135 1582 tua
156 1523 408 1602 coniunctione
438 1525 631 1606 copulatae
658 1529 694 1588 et
710 1543 776 1606 pro
789 1526 945 1588 utilitate
959 1525 1184 1607 singulorum

88 1627 321 1692 collectionem
340 1629 553 1710 efficientem
573 1631 766 1716 colleqialcs
779 1631 1015 1713 designantur
1028 1649 1123 1714 quae
1136 1633 1184 1697 ab

87 1729 231 1798 Ecclesia
247 1737 462 1818 recognosci
493 1737 694 1818 deposcunt
726 1737 828 1802 velut
855 1739 1137 1820 personalitates
1162 1759 1185 1803 a

87 1837 218 1920 singulis
235 1843 431 1906 adsociatis
448 1841 654 1924 distinctae,
668 1843 704 1907 id
718 1851 784 1923 est,
806 1848 987 1926 tamquam
1005 1863 1095 1908 vera
1112 1847 1183 1910 col·
1246 1905 1248 1910 .

85 1940 177 2026 legia,
195 1930 361 2012 sermone
373 1947 531 2029 juridico
549 1965 729 2030 personae
747 1967 811 2012 seu
842 1951 940 2013 entia
965 1953 1090 2036 fictitio
1121 1970 1183 2016 vo-

86 2061 165 2130 cata,
179 2055 261 2134 quia
275 2055 312 2118 in
327 2063 499 2118 concreto
513 2063 653 2120 tantum
667 2057 828 2120 existunt
840 2057 984 2138 singula
996 2057 1186 2121 individua

87 2161 116 2217 et
128 2159 326 2224 corumdem
339 2164 588 2244 congregatio.

155 2262 206 2327 58.
253 2265 336 2329 Jam
355 2283 457 2348 vero,
476 2267 522 2330 de
535 2267 617 2348 jure
634 2267 823 2332 Ecclesiae
839 2268 876 2331 in
893 2267 973 2350 pias
990 2268 1185 2332 societates

85 2359 327 2433 haectenenda
346 2369 527 2435 videntur:

158 2475 202 2538 1.ο
249 2475 528 2542 Adsociatienes
542 2480 707 2562 privatae
724 2479 939 2561 vigilantiae
953 2485 989 2543 et
1006 2496 1182 2561 praeven·

88 2575 159 2642 tioni
175 2580 362 2646 Ecclesiae
378 2601 523 2666 semper
542 2585 745 2666 subjacent,
759 2586 810 2648 ita
828 2591 867 2649 ut
894 2603 957 2649 eas
985 2587 1182 2669 corrigere,

85 2685 244 2769 etsiopus
256 2689 316 2770 sit,
336 2689 539 2754 dissolvere
553 2693 680 2772 possit;
699 2693 859 2774 itemque
876 2694 1052 2775 quasdam
1082 2711 1183 2776 prae-

85 2789 317 2875 viasregulaa
339 2797 398 2860 cui
413 2799 621 2861 necessario
649 2801 887 2880 attemperari
913 2799 1082 2881 debeant,
1102 2817 1183 2866 con·

85 2897 211 2966 stituere
237 2903 377 2966 valeat:
403 2921 486 2968 nam
512 2905 679 2986 proiecto
703 2903 869 2970 Ecclesia
894 2909 1003 2972 etiam
1027 2926 1108 2973 cum
1139 2907 1185 2972 de

87 3007 205 3072 actibus
222 3010 450 3092 privatorum
469 3010 592 3092 aliquo
610 3011 715 3074 modo
733 3011 919 3078 socialiter
945 3016 1072 3095 positis
1097 3032 1181 3095 aga-

88 3113 143 3191 tur,
160 3122 338 3195 potestate
351 3114 487 3197 gaudet
512 3127 557 3180 ea¹
573 3117 695 3180 omnia
726 3117 885 3182 faciendi
913 3121 973 3183 vel
1006 3120 1183 3201 praescri-

87 3212 189 3300 bendi,
207 3239 301 3302 quae
318 3237 384 3304 pro
399 3227 503 3286 recta
520 3221 727 3291 eorumdem
746 3223 974 3289 ordinatione
1001 3225 1047 3288 ad
1076 3225 1184 3288 finem

86 3321 273 3406 religiosum
287 3329 498 3392 necessaria
513 3329 780 3394 existimantur.

157 3431 201 3497 2?
248 3433 527 3500 Adsociationes
544 3436 714 3518 publicae
731 3437 926 3502 collectione
951 3435 1102 3518 speciali
1121 3435 1184 3501 Ec·

87 3533 202 3604 clesiae
218 3559 328 3606 curae
344 3547 381 3605 et
397 3542 615 3624 inspectioni
628 3542 792 3624 subsunt,
808 3543 894 3624 quia
910 3551 1055 3624 pactum
1069 3542 1182 3606 socia-

87 3638 115 3704 le
131 3645 188 3710 sub
205 3649 282 3730 ejus
296 3649 515 3713 auctoritate
527 3658 638 3732 atque
651 3651 840 3714 sanctione
853 3649 1010 3731 ponitur,
1030 3649 1184 3731 ideoque

85 3761 188 3826 potest
202 3772 245 3818 ac
263 3755 372 3820 debet
388 3755 626 3834 intervenire,
646 3757 787 3838 quoties
811 3757 1057 3820 necessarium
1083 3760 1183 3836 pute·

84 3861 132 3917 tur
143 3859 196 3938 jos
212 3862 349 3926 sociale
364 3862 589 3944 singulorum
607 3864 715 3944 tueri,
735 3864 837 3944 cujus
865 3863 942 3944 ipsa
974 3863 1020 3926 sb
1044 3861 1184 3942 origine

83 3961 248 4031 societatis
266 3969 464 4032 constituta
481 3975 536 4034 est
553 3977 675 4034 custos
690 3975 727 4033 et
743 3969 892 4034 vindex.
913 3967 1097 4050 Ejusmodi
1114 3981 1182 4031 re-

83 4061 216 4146 ligloaae
230 4073 425 4138 societates
444 4075 550 4139 simul
564 4076 725 4157 spectari
740 4075 873 4140 debent
885 4080 1071 4157 tamquam
1082 4089 1182 4138 crea-

83 4169 125 4234 tio
140 4178 371 4261 privatorum,
386 4187 566 4263 quatenus
584 4183 630 4244 ab
647 4181 692 4245 iis
722 4182 837 4247 libere
864 4183 1113 4261 instituuntur,
1129 4197 1182 4244 re-

83 4288 214 4348 servato
227 4287 295 4350 sibi
312 4285 522 4351 earumdem
540 4291 724 4370 potestate
739 4305 805 4352 sen
821 4287 1010 4370 regimine,
1030 4293 1066 4352 et
1082 4285 1186 4351 velut
