3062 4994
554 319 736 378 -187-

175 462 249 526 108.
298 461 365 526 Jus
384 461 573 527 Ecclesiae
603 461 764 527 subsidia
789 461 959 545 exigendi
986 465 1046 527 vel
1075 465 1210 530 tributa
1279 503 1290 510 ψ

98 567 252 654 fidelibus
270 569 485 650 imponendi,
502 587 567 651 pro
586 570 764 650 religione
788 569 973 634 socialiter
990 571 1208 653 exercenda,

97 674 184 738 cultu
202 675 348 756 publico
366 673 444 739 Deo
462 675 681 756 exhibendo,
696 679 733 739 et
750 677 865 740 sacris
882 675 1055 740 Ministris
1069 678 1210 742 alendis
1312 677 1314 682 '

96 781 220 862 triplici
237 781 475 846 fundamento
492 781 671 862 innititur,
703 799 846 863 nempe,
862 781 944 862 jure
962 784 1133 864 naturali,
1160 784 1208 846 di-

96 887 346 969 vino-positivo
365 893 401 952 et
432 889 605 970 gentium:
622 889 704 968 jure
721 889 892 968 maturati,
910 905 992 952 nam
1021 889 1081 969 qui
1098 891 1211 952 sentit

95 993 325 1076 commodum,
374 996 512 1059 sentiro
544 995 651 1058 debet
698 995 1108 1076 incommodum-Quia,
1158 997 1209 1060 ait

95 1097 133 1162 D.
151 1099 297 1182 Paulus,
322 1101 466 1186 piaatat
493 1085 638 1181 cineam,
656 1109 687 1166 et
713 1101 754 1166 de
784 1102 903 1186 fracta
934 1104 1008 1187 ejas
1031 1124 1099 1166 aaa
1123 1103 1211 1167 ertit?

98 1205 171 1282 Quia
181 1203 301 1292 pascit
316 1223 460 1293 prepem,
477 1215 508 1273 et
525 1209 565 1272 de
590 1209 677 1272 laete
705 1209 817 1293 prepis
840 1229 908 1273 aaa
926 1210 1129 1274 manducat?
1146 1210 1206 1291 (l):

96 1313 167 1390 jure
205 1316 504 1400 cliviae-potitium·
538 1314 716 1396 siquidem
757 1311 919 1380 Christus
958 1315 1132 1378 Dominus
1172 1316 1210 1378 in

96 1417 286 1502 Evangelio
316 1419 528 1484 solemniter·
546 1421 792 1502 proclamavit
819 1421 879 1501 jas
910 1421 1070 1502 operarii
1092 1421 1207 1502 legiti-

94 1541 177 1590 mam
194 1527 470 1592 retributionem
488 1527 734 1608 recipiendi—
749 1527 887 1611 Dianae
903 1536 952 1591 eat
972 1529 1061 1591 enim
1089 1547 1208 1610 opera-

96 1633 160 1696 rias
187 1633 342 1700 mercede
374 1655 435 1700 aaa
452 1633 499 1718 (2)
518 1635 576 1698 vel
605 1635 678 1699 cibo
703 1655 764 1698 auo
782 1635 887 1715 (3)-;
906 1642 942 1696 et
970 1634 1107 1698 Doctor
1124 1651 1208 1718 gen·

96 1739 171 1803 tium
189 1741 258 1805 hoc
291 1742 575 1805 sacratissimum
602 1743 661 1823 jus
691 1742 951 1805 auctoritative
981 1743 1112 1804 iterum
1129 1759 1209 1823 pro·

98 1847 463 1928 nulgavit-Nescitis
480 1850 641 1932 quoniam
670 1851 728 1932 pai
756 1849 794 1937 ia
819 1850 977 1914 sacrario
1007 1855 1207 1932 operantur,

99 1973 174 2034 qaae
191 1956 234 2019 de
251 1957 504 2022 sacrariorum
528 1957 643 2022 edant:
660 1965 691 2020 et
708 1957 766 2039 qai
782 1957 890 2020 altari
908 1957 1115 2036 deserviant,
1134 1977 1210 2020 eam

99 2060 197 2124 altari
224 2063 465 2146 participant?
491 2063 547 2126 lta
583 2071 614 2126 et
646 2063 818 2128 Dominus
857 2063 1033 2127 ordinauit
1063 2063 1120 2141 iia,
1151 2063 1209 2145 qui

100 2163 318 2253 Eaaapeiium
347 2171 570 2249 annuariam,
589 2171 629 2232 cie
658 2169 847 2253 Eaaapeiio
876 2171 988 2232 uivere
1005 2168 1110 2247 (4l-2
1127 2169 1209 2246 jure
1241 2189 1244 2194 ·

95 2276 246 2355 qratiam·
262 2276 410 2354 etenim,
431 2279 469 2337 ut
502 2275 597 2338 idem
631 2275 828 2356 Apostolus
858 2273 1118 2337 animadvertit
1131 2273 1208 2336 nul·

100 2377 161 2442 lum
193 2381 344 2444 militem
370 2381 443 2444 suis
460 2381 631 2462 expensis
664 2383 700 2443 in
728 2381 861 2444 bellum
891 2381 1071 2462 proficisci
1099 2385 1210 2461 atque

100 2487 265 2564 praelium
297 2488 560 2551 committere·-
573 2485 656 2562 Quia
673 2488 801 2552 militat
832 2490 905 2552 sais
937 2487 1121 2569 stipendiis
1148 2507 1208 2551 aa·

97 2593 324 2676 paam?(5)-.
537 2655 540 2661 ,

174 2701 229 2766 Ex
260 2705 415 2782 utroque
445 2700 556 2784 igitur
580 2702 662 2783 jure
680 2701 817 2781 divino,
836 2701 915 2764 sive
940 2699 1112 2780 naturali,
1130 2701 1209 2764 sive

100 2807 258 2888 positivo,
290 2815 417 2889 aperte
445 2808 560 2890 liquet
586 2807 886 2871 sustentationem
919 2807 1009 2870 oleri
1037 2806 1210 2870 catholici

99 2913 328 2998 oblipotoriam
352 2931 432 2977 esso
461 2915 497 2978 ia
526 2915 674 2980 essentia
701 2913 835 2995 populo
864 2911 1075 2994 christiano,
1095 2913 1208 2978 neuti-

101 3033 194 3097 quam
208 3037 299 3084 vero
317 3021 547 3084 arbitrariam
564 3021 624 3083 vel
636 3021 833 3104 paetitiam,
853 3020 903 3082 uti
920 3019 1105 3082 blaterare
1131 3019 1209 3081 ausi

100 3135 170 3189 sunt
192 3127 359 3192 nonnulli
387 3129 611 3218 recentiores
638 3125 849 3208 regalistae;
877 3128 915 3190 ia
942 3129 1090 3190 essentia
1120 3123 1208 3188 dixi-

100 3213 177 3311 mus,¹
194 3235 281 3316 quia
300 3233 346 3296 ad
372 3233 526 3297 formam
556 3233 652 3315 quod
679 3233 821 3313 attinet,
840 3232 941 3295 nulla
972 3233 1045 3294 fixa
1062 3231 1210 3294 inducta

97 3335 143 3398 e'st
157 3357 176 3402 a
188 3339 272 3421 jure
290 3331 428 3422 divino,
446 3339 510 3404 sed
527 3339 693 3404 Ecclesia
722 3337 845 3402 varias
869 3338 1010 3402 invexit
1028 3337 1087 3401 vel
1105 3354 1208 3418 prae·

97 3445 239 3527 scripsit,
251 3447 360 3527 juxta
376 3446 525 3512 diversa
542 3453 758 3526 temporum,
777 3445 940 3507 locorum
953 3461 997 3506 ac
1014 3461 1134 3508 rerum
1149 3443 1208 3507 ad·

95 3547 209 3628 juncta
226 3553 288 3634 (6).

157 3784 192 3844 (l)
229 3781 322 3850 Epist.
339 3779 402 3834 Iad
417 3779 580 3835 Corinthios.
595 3797 656 3850 cap.
669 3779 721 3844 IX,
734 3795 759 3833 v.
775 3779 799 3834 7.

157 3855 198 3918 (2)
237 3851 508 3920 Lue.cap.x,v.t.

157 3925 192 3990 (3)
229 3924 333 3976 Matth.
349 3940 407 3990 cap,
422 3923 459 3991 X,
473 3939 499 3976 v.
515 3925 555 3976 10.

157 3999 192 4058 ll)
229 3995 319 4064 Epist.
333 3993 348 4048 1
360 3993 397 4048 ad
412 3993 531 4048 Curiati.
546 4009 606 4061 cap.
620 3993 672 4056 IX,
686 4009 720 4048 w.
736 3995 767 4044 13
781 3995 810 4046 et
824 3997 869 4048 ll.

158 4067 197 4122 llil
233 4065 446 4120 Eod.loc.u.i.

158 4137 196 4200 (6)
232 4137 383 4190 Recenseri
407 4139 528 4204 possunt
540 4139 684 4202 tamquam
699 4135 867 4206 praecipuas
881 4133 995 4188 formas
1013 4132 1212 4186 substentatio·

99 4199 138 4254 nit
150 4210 294 4273 sequentia
307 4207 410 4284 media,
422 4205 527 4276 quibus
540 4207 668 4260 Ecclesia
688 4222 705 4259 a
726 4207 786 4260 suis
806 4204 993 4260 incunabulis
1006 4205 1043 4260 ad
1055 4219 1109 4258 nos
1121 4219 1214 4270 usque
