3062 4994
467 433 474 438 -
546 391 725 450 ...1552

172 534 208 610 i)
250 531 492 616 Guammquln
511 539 618 600 extra
641 551 783 599 ommm
812 533 1075 600 dubitationem
1102 535 1197 617 posi-

93 643 161 703 tum
178 645 230 704 cst
246 639 459 723 Episcopos,
478 641 579 705 lacta
595 641 760 724 legitima
791 642 1039 724 assignatione
1067 641 1196 724 plebis,

92 762 296 829 quamquam
314 747 395 812 veri
428 751 464 812 ot
490 747 631 830 proprii
654 747 824 812 Pastores
856 749 938 830 sint,
969 765 1041 812 non
1077 751 1197 812 tamen

93 851 341 932 plenitudinem
359 855 551 936 potestatis
568 871 743 918 exercere
759 871 879 936 posse,
898 853 962 918 sed
978 871 1043 936 pro
1061 859 1197 936 tempo·

90 961 385 1025 rumetlocorum
415 960 596 1040 adJunctis
627 961 787 1024 Romano
819 960 986 1025 Pontifici
1013 961 1194 1043 integrum

90 1081 161 1130 esse
191 1067 350 1148 ipsorum
379 1068 635 1158 auctoritatem
663 1068 841 1150 ampliare
870 1068 931 1132 vel
958 1071 1194 1149 restringere3

91 1173 167 1237 licet
185 1175 277 1240 enim
290 1173 542 1258 Episcopatus,
560 1179 600 1240 ut
612 1175 719 1240 docet
735 1175 770 1241 S.
791 1173 1008 1257 Cyprianus,
1028 1193 1117 1239 unus
1136 1175 1194 1254 sit,

92 1281 382 1361 quemadmodum
408 1281 574 1346 Ecclesia
600 1299 671 1346 una
687 1287 754 1363 est,
774 1299 817 1345 ac
835 1281 986 1364 proinde
1014 1299 1099 1363 pars
1113 1281 1195 1362 Epi-

92 1393 250 1469 scopatus
280 1388 328 1452 ab
353 1407 569 1472 unoquoque
586 1389 766 1472 Episcopo
791 1391 828 1454 in
855 1389 1004 1454 solidum
1028 1394 1196 1452 teneatur

91 1497 269 1574 (quatenus
289 1496 533 1578 unusquisque
551 1495 752 1578 Episcopus
779 1497 874 1580 regit
906 1513 1008 1559 suam
1036 1495 1194 1576 peculia·

90 1617 155 1664 rem
182 1601 395 1685 Ecclesiam,
413 1621 507 1686 quae
535 1603 645 1668 totius
668 1603 856 1670 Ecclesiae
887 1605 1069 1687 pareest),
1102 1603 1196 1666 sicut

91 1715 175 1788 sunt,
190 1709 298 1790 juxta
316 1708 477 1791 phrasim
493 1709 632 1774 laudati
648 1709 779 1794 Patris,
799 1709 899 1774 multi
924 1709 1065 1774 arboris
1090 1709 1194 1790 rami,

91 1813 145 1876 sed
160 1834 228 1879 una
246 1817 371 1897 arbor;
390 1817 622 1882 nihilominus
655 1819 817 1902 profiteri
849 1834 999 1882 necesse
1028 1821 1083 1881 est
1108 1823 1196 1881 tam-

91 1936 186 2000 quam
203 1923 398 1987 veritatem
412 1923 655 2006 dogmaticam
673 1926 818 1989 omnino
840 1924 1034 1988 tenendam
1049 1923 1195 2000 Episco-

90 2041 204 2106 porum
220 2031 442 2110 potestatem
458 2030 495 2093 in
513 2031 591 2112 eJ'us
606 2049 670 2094 usu
688 2029 822 2094 Summi
839 2030 1023 2094 Pontificls
1041 2030 1195 2093 auctori·

21 2123 22 2174 ἶ
91 2134 146 2196 tati
174 2139 211 2198 et
242 2133 437 2200 Sacrorum
469 2135 656 2202 Canopum
688 2136 845 2200 decretis
879 2153 959 2200 esse
987 2135 1194 2215 obnoxiam;

21 2261 23 2266 ’
89 2253 179 2304 secus
209 2242 318 2323 enim,
350 2243 381 2306 si
397 2245 602 2325 peculiares
618 2243 790 2326 Episcopi
808 2244 844 2307 in
869 2244 942 2307 suis
959 2243 1196 2306 Dioecesibns

91 2347 199 2410 omnia
216 2355 378 2430 possent,
413 2367 531 2432 neque
550 2351 613 2414 ulli
630 2351 809 2433 superiori
833 2349 1006 2432 potestati
1033 2349 1195 2428 subjace-

20 2459 21 2506 ῑ
90 2457 169 2535 rent,
188 2458 244 2518 tot
261 2453 482 2520 haberentur
498 2455 692 2520 distinctae
710 2460 746 2520 et
762 2455 1048 2538 independentes
1073 2453 1196 2517 Eccle-

91 2558 167 2642 siae,
202 2567 292 2644 quot
324 2561 578 2645 Episcopatus,
613 2564 912 2646 quemadmodum
947 2563 1070 2643 plures
1105 2561 1196 2626 rami

20 2743 21 2746 Ἴ
91 2667 219 2733 arboris
238 2688 261 2732 a
278 2669 403 2735 radice
428 2677 464 2735 et
480 2672 618 2753 reliquo
636 2689 789 2753 corpore
819 2670 990 2752 disjuncti
998 2670 1074 2750 J'am
1088 2685 1197 2732 unam

91 2773 248 2840 arborem
262 2792 335 2840 non
352 2775 552 2857 efficerent,
572 2777 667 2859 quod
683 2776 848 2858 equidem
862 2775 1050 2839 Ecclesiae
1067 2773 1197 2838 unitati

89 2883 118 2942 ct
131 2881 277 2946 divinae
294 2883 511 2948 institutioni
528 2883 769 2965 Episcopatus
786 2883 896 2964 plane
910 2881 1139 2946 adversatur.

167 2989 492 3072 supervacaneum
509 2991 612 3054 nobis
630 2989 776 3053 videtur
799 2989 880 3052 heic
905 2989 1091 3053 Ecclesiae
1119 2988 1196 3052 vln-

20 3107 21 3134 ³
90 3090 199 3159 dicare
214 3097 276 3177 Jus
293 3095 534 3160 indubitatum
548 3102 584 3159 et
607 3095 794 3179 proprium
812 3093 1056 3159 constituendi
1073 3111 1116 3156 ac
1137 3093 1195 3157 de·
1219 3073 1223 3084 ’

92 3199 300 3265 terminandi
332 3203 491 3284 reliquos
531 3201 794 3284 jurisdictionis
822 3200 956 3283 gradus
988 3200 1107 3263 reales
1136 3198 1196 3262 vel

91 3308 304 3388 personales,
330 3307 535 3390 singulares
563 3309 625 3372 vel
642 3309 865 3389 collegiales,
900 3306 1118 3388 superiores,
1138 3321 1196 3369 ae-

96 3415 209 3491 quales
228 3415 290 3479 vel
313 3414 505 3479 inferiores
523 3414 759 3497 Episcopatu,
779 3431 859 3478 cum
887 3430 1011 3477 ornnes
1025 3412 1118 3493 jnris
1135 3413 1195 3478 hu·

92 3521 177 3584 nani
193 3521 281 3602 sint,
300 3525 425 3602 utpote
439 3521 690 3586 ecclesiastica
706 3521 924 3585 auctoritate
936 3519 1105 3583 instituti.

165 3628 262 3694 Hinc
279 3626 327 3692 ad
343 3627 546 3692 Ecclesiam
574 3631 729 3710 spectat:
748 3625 776 3707 ⁵)
795 3626 1020 3707 organizatio
1045 3626 1195 3710 stapula-

20 3787 21 3794 ,
92 3732 134 3797 ris
159 3733 338 3817 graduum
369 3733 753 3818 snpra-episcopalium,
782 3733 842 3814 qui
874 3733 986 3797 reales
1015 3731 1194 3810 dicuntur,

92 3849 219 3921 nempe,
248 3839 575 3921 metropolitarum,
595 3837 837 3902 exarcharum
855 3837 915 3902 vel
940 3838 1134 3920 primatum
1162 3845 1197 3899 et

92 3943 386 4026 patriarcharum,
405 3961 485 4009 curn
510 3945 547 4008 hi
564 3961 688 4009 ornnes
702 3945 784 4026 jure
812 3943 979 4025 delegato
997 3942 1198 4025 procedant

89 4051 210 4132 utplus
228 4052 395 4115 minusve
419 4051 682 4132 jurisdictionis
701 4050 753 4114 eis
776 4051 998 4114 concedatur
1025 4067 1091 4132 pro
1109 4055 1195 4114 tem·

92 4167 204 4232 porum
222 4162 261 4222 et
277 4157 440 4222 locorum
464 4157 749 4240 opportunitate,
768 4156 922 4238 ideoque
946 4156 1119 4238 quidquid
1135 4156 1196 4220 ha·

91 4255 177 4346 beut,
202 4283 225 4329 a
254 4262 347 4328 Sede
379 4263 592 4347 Apostolica
620 4262 817 4345 accipiunt,
847 4271 973 4345 utpote
1004 4278 1197 4347 supremae
