<?xml version="1.0" encoding="UTF-8"?>
<!DOCTYPE html PUBLIC "-//W3C//DTD XHTML 1.0 Transitional//EN"
    "http://www.w3.org/TR/xhtml1/DTD/xhtml1-transitional.dtd">
<html xmlns="http://www.w3.org/1999/xhtml" xml:lang="en" lang="en">
 <head>
  <title>
</title>
<meta http-equiv="Content-Type" content="text/html;charset=utf-8" />
  <meta name='ocr-system' content='tesseract 3.04.00' />
  <meta name='ocr-capabilities' content='ocr_page ocr_carea ocr_par ocr_line ocrx_word'/>
</head>
<body>
  <div class='ocr_page' id='page_1' title='image "./juspublicumeccl00ferngoog_0254.png"; bbox 0 0 3038 4994; ppageno 0'>
   <div class='ocr_carea' id='block_1_1' title="bbox 542 388 720 450">
    <p class='ocr_par' dir='ltr' id='par_1_1' title="bbox 542 388 720 450">
     <span class='ocr_line' id='line_1_1' title="bbox 542 388 720 450; baseline 0.011 -2"><span class='ocrx_word' id='word_1_1' title='bbox 542 388 720 450; x_wconf 76' lang='lat'>-249-</span> 
     </span>
    </p>
   </div>
   <div class='ocr_carea' id='block_1_2' title="bbox 18 529 1204 4342">
    <p class='ocr_par' dir='ltr' id='par_1_2' title="bbox 83 529 1196 828">
     <span class='ocr_line' id='line_1_2' title="bbox 83 529 1196 616; baseline 0.007 -26"><span class='ocrx_word' id='word_1_2' title='bbox 83 533 234 611; x_wconf 85' lang='lat' dir='ltr'><strong>respectu</strong></span> <span class='ocrx_word' id='word_1_3' title='bbox 247 529 405 612; x_wconf 78' lang='lat' dir='ltr'><strong>Juridico</strong></span> <span class='ocrx_word' id='word_1_4' title='bbox 424 531 609 598; x_wconf 83' lang='lat' dir='ltr'><strong>devolutio</strong></span> <span class='ocrx_word' id='word_1_5' title='bbox 628 532 803 598; x_wconf 85' lang='lat' dir='ltr'><strong>ditionum</strong></span> <span class='ocrx_word' id='word_1_6' title='bbox 831 532 1196 616; x_wconf 86' lang='lat' dir='ltr'><strong>Ecclesiasticarum,</strong></span> 
     </span>
     <span class='ocr_line' id='line_1_3' title="bbox 83 637 1193 722; baseline 0.007 -24"><span class='ocrx_word' id='word_1_7' title='bbox 83 652 157 717; x_wconf 89' lang='lat' dir='ltr'><strong>quae</strong></span> <span class='ocrx_word' id='word_1_8' title='bbox 186 655 211 700; x_wconf 92' lang='lat' dir='ltr'><strong>a</strong></span> <span class='ocrx_word' id='word_1_9' title='bbox 234 637 411 721; x_wconf 85' lang='lat' dir='ltr'>gubernio</span> <span class='ocrx_word' id='word_1_10' title='bbox 440 643 657 722; x_wconf 78' lang='lat' dir='ltr'><strong>usurpatore</strong></span> <span class='ocrx_word' id='word_1_11' title='bbox 684 639 902 722; x_wconf 79' lang='lat' dir='ltr'><strong>retinentur,</strong></span> <span class='ocrx_word' id='word_1_12' title='bbox 921 645 961 706; x_wconf 94' lang='lat' dir='ltr'><strong>ut</strong></span> <span class='ocrx_word' id='word_1_13' title='bbox 991 642 1193 706; x_wconf 88' lang='lat' dir='ltr'><strong>auctoritas</strong></span> 
     </span>
     <span class='ocr_line' id='line_1_4' title="bbox 84 741 1191 828; baseline 0.005 -23"><span class='ocrx_word' id='word_1_14' title='bbox 84 741 216 822; x_wconf 88' lang='lat' dir='ltr'><strong>politica</strong></span> <span class='ocrx_word' id='word_1_15' title='bbox 248 742 474 810; x_wconf 89' lang='lat' dir='ltr'><strong>Summorum</strong></span> <span class='ocrx_word' id='word_1_16' title='bbox 505 744 768 827; x_wconf 90' lang='lat' dir='ltr'><strong>Imperantium</strong></span> <span class='ocrx_word' id='word_1_17' title='bbox 798 745 952 811; x_wconf 88' lang='lat' dir='ltr'><strong>tirmiter</strong></span> <span class='ocrx_word' id='word_1_18' title='bbox 984 747 1191 828; x_wconf 79' lang='lat' dir='ltr'><strong>roboretur,</strong></span> 
     </span>
    </p>

    <p class='ocr_par' dir='ltr' id='par_1_3' title="bbox 25 847 1193 1020">
     <span class='ocr_line' id='line_1_5' title="bbox 25 847 1193 935; baseline 0.004 -24"><span class='ocrx_word' id='word_1_19' title='bbox 25 849 26 852; x_wconf 75' lang='grc'>’</span> <span class='ocrx_word' id='word_1_20' title='bbox 79 847 221 932; x_wconf 85' lang='lat' dir='ltr'><strong>juraque</strong></span> <span class='ocrx_word' id='word_1_21' title='bbox 236 850 400 932; x_wconf 80' lang='lat' dir='ltr'><strong>legitima</strong></span> <span class='ocrx_word' id='word_1_22' title='bbox 416 851 570 916; x_wconf 89' lang='lat' dir='ltr'><strong>aliorum</strong></span> <span class='ocrx_word' id='word_1_23' title='bbox 587 851 795 935; x_wconf 81' lang='lat' dir='ltr'><strong>Principum</strong></span> <span class='ocrx_word' id='word_1_24' title='bbox 813 856 915 918; x_wconf 88' lang='lat' dir='ltr'><strong>sarta</strong></span> <span class='ocrx_word' id='word_1_25' title='bbox 934 855 1105 935; x_wconf 90' lang='lat' dir='ltr'><strong>tectaque</strong></span> <span class='ocrx_word' id='word_1_26' title='bbox 1118 869 1193 917; x_wconf 85' lang='lat' dir='ltr'><strong>ser·</strong></span> 
     </span>
     <span class='ocr_line' id='line_1_6' title="bbox 82 960 211 1020; baseline 0.023 -3"><span class='ocrx_word' id='word_1_27' title='bbox 82 960 211 1020; x_wconf 82' lang='lat' dir='ltr'><strong>ventur.</strong></span> 
     </span>
    </p>

    <p class='ocr_par' dir='ltr' id='par_1_4' title="bbox 155 1061 1194 1146">
     <span class='ocr_line' id='line_1_7' title="bbox 155 1061 1194 1146; baseline 0.002 -20"><span class='ocrx_word' id='word_1_28' title='bbox 155 1061 353 1130; x_wconf 82' lang='lat' dir='ltr'><strong>Enimvero</strong></span> <span class='ocrx_word' id='word_1_29' title='bbox 385 1063 525 1146; x_wconf 87' lang='lat' dir='ltr'><strong>epocha</strong></span> <span class='ocrx_word' id='word_1_30' title='bbox 557 1064 756 1146; x_wconf 83' lang='lat' dir='ltr'><strong>praesenti,</strong></span> <span class='ocrx_word' id='word_1_31' title='bbox 786 1063 824 1128; x_wconf 91' lang='lat' dir='ltr'><strong>in</strong></span> <span class='ocrx_word' id='word_1_32' title='bbox 857 1081 929 1146; x_wconf 90' lang='lat' dir='ltr'><strong>qua</strong></span> <span class='ocrx_word' id='word_1_33' title='bbox 962 1063 1194 1129; x_wconf 81' lang='lat' dir='ltr'><strong>auctoritatis</strong></span> 
     </span>
    </p>

    <p class='ocr_par' dir='ltr' id='par_1_5' title="bbox 18 1167 1193 1256">
     <span class='ocr_line' id='line_1_8' title="bbox 18 1167 1193 1256; baseline 0.003 -24"><span class='ocrx_word' id='word_1_34' title='bbox 18 1227 20 1256; x_wconf 60' lang='grc'><strong>,</strong></span> <span class='ocrx_word' id='word_1_35' title='bbox 81 1167 286 1251; x_wconf 87' lang='lat' dir='ltr'><strong>principium</strong></span> <span class='ocrx_word' id='word_1_36' title='bbox 314 1175 470 1252; x_wconf 84' lang='lat' dir='ltr'><strong>negatur</strong></span> <span class='ocrx_word' id='word_1_37' title='bbox 486 1170 548 1236; x_wconf 85' lang='lat' dir='ltr'><strong>vel</strong></span> <span class='ocrx_word' id='word_1_38' title='bbox 576 1170 763 1250; x_wconf 83' lang='lat' dir='ltr'><strong>diffitetur,</strong></span> <span class='ocrx_word' id='word_1_39' title='bbox 783 1187 828 1235; x_wconf 86' lang='lat' dir='ltr'><strong>ac</strong></span> <span class='ocrx_word' id='word_1_40' title='bbox 861 1170 1104 1254; x_wconf 85' lang='lat' dir='ltr'><strong>undequaque</strong></span> <span class='ocrx_word' id='word_1_41' title='bbox 1132 1187 1193 1235; x_wconf 88' lang='lat' dir='ltr'><strong>ex·</strong></span> 
     </span>
    </p>

    <p class='ocr_par' dir='ltr' id='par_1_6' title="bbox 18 1275 1192 1360">
     <span class='ocr_line' id='line_1_9' title="bbox 18 1275 1192 1360; baseline 0.003 -24"><span class='ocrx_word' id='word_1_42' title='bbox 18 1291 20 1354; x_wconf 63' lang='lat'>3</span> <span class='ocrx_word' id='word_1_43' title='bbox 81 1283 222 1356; x_wconf 84' lang='lat' dir='ltr'><strong>surgunt</strong></span> <span class='ocrx_word' id='word_1_44' title='bbox 253 1275 467 1359; x_wconf 77' lang='lat' dir='ltr'><strong>omnigenae</strong></span> <span class='ocrx_word' id='word_1_45' title='bbox 498 1276 678 1342; x_wconf 83' lang='lat' dir='ltr'><strong>factiones</strong></span> <span class='ocrx_word' id='word_1_46' title='bbox 709 1281 747 1341; x_wconf 90' lang='lat' dir='ltr'><strong>ct</strong></span> <span class='ocrx_word' id='word_1_47' title='bbox 776 1275 1019 1360; x_wconf 89' lang='lat' dir='ltr'><strong>perduellium</strong></span> <span class='ocrx_word' id='word_1_48' title='bbox 1049 1277 1192 1360; x_wconf 87' lang='lat' dir='ltr'><strong>turbae,</strong></span> 
     </span>
    </p>

    <p class='ocr_par' dir='ltr' id='par_1_7' title="bbox 18 1383 1199 3597">
     <span class='ocr_line' id='line_1_10' title="bbox 18 1383 1193 1464; baseline 0.007 -26"><span class='ocrx_word' id='word_1_49' title='bbox 18 1391 20 1438; x_wconf 71' lang='lat'>2</span> <span class='ocrx_word' id='word_1_50' title='bbox 81 1397 176 1462; x_wconf 87' lang='lat' dir='ltr'><strong>quae,</strong></span> <span class='ocrx_word' id='word_1_51' title='bbox 191 1387 300 1446; x_wconf 88' lang='lat' dir='ltr'><strong>vasta</strong></span> <span class='ocrx_word' id='word_1_52' title='bbox 311 1383 581 1464; x_wconf 82' lang='lat' dir='ltr'><strong>conspiratione</strong></span> <span class='ocrx_word' id='word_1_53' title='bbox 594 1383 697 1464; x_wconf 87' lang='lat' dir='ltr'><strong>inita,</strong></span> <span class='ocrx_word' id='word_1_54' title='bbox 712 1383 877 1448; x_wconf 89' lang='lat' dir='ltr'><strong>ordinem</strong></span> <span class='ocrx_word' id='word_1_55' title='bbox 889 1383 1064 1448; x_wconf 85' lang='lat' dir='ltr'><strong>socialem</strong></span> <span class='ocrx_word' id='word_1_56' title='bbox 1077 1389 1193 1447; x_wconf 89' lang='lat' dir='ltr'><strong>traus-</strong></span> 
     </span>
     <span class='ocr_line' id='line_1_11' title="bbox 82 1488 1195 1572; baseline 0.004 -24"><span class='ocrx_word' id='word_1_57' title='bbox 82 1492 229 1567; x_wconf 85' lang='lat' dir='ltr'><strong>vertere,</strong></span> <span class='ocrx_word' id='word_1_58' title='bbox 268 1488 506 1554; x_wconf 86' lang='lat' dir='ltr'><strong>tundamenta</strong></span> <span class='ocrx_word' id='word_1_59' title='bbox 537 1489 706 1572; x_wconf 91' lang='lat' dir='ltr'><strong>publicae</strong></span> <span class='ocrx_word' id='word_1_60' title='bbox 748 1489 1027 1571; x_wconf 82' lang='lat' dir='ltr'><strong>tranquillitatis</strong></span> <span class='ocrx_word' id='word_1_61' title='bbox 1056 1489 1195 1552; x_wconf 84' lang='lat' dir='ltr'><strong>labefa-</strong></span> 
     </span>
     <span class='ocr_line' id='line_1_12' title="bbox 81 1593 1193 1676; baseline 0.003 -21"><span class='ocrx_word' id='word_1_62' title='bbox 81 1595 187 1675; x_wconf 84' lang='lat' dir='ltr'><strong>ctare,</strong></span> <span class='ocrx_word' id='word_1_63' title='bbox 205 1601 241 1658; x_wconf 88' lang='lat' dir='ltr'><strong>et</strong></span> <span class='ocrx_word' id='word_1_64' title='bbox 267 1593 475 1676; x_wconf 86' lang='lat' dir='ltr'><strong>Principum</strong></span> <span class='ocrx_word' id='word_1_65' title='bbox 493 1595 713 1660; x_wconf 90' lang='lat' dir='ltr'><strong>dominatum</strong></span> <span class='ocrx_word' id='word_1_66' title='bbox 732 1613 752 1659; x_wconf 90' lang='lat' dir='ltr'><strong>e</strong></span> <span class='ocrx_word' id='word_1_67' title='bbox 777 1595 894 1660; x_wconf 91' lang='lat' dir='ltr'><strong>medio</strong></span> <span class='ocrx_word' id='word_1_68' title='bbox 914 1595 1044 1660; x_wconf 90' lang='lat' dir='ltr'><strong>tollere</strong></span> <span class='ocrx_word' id='word_1_69' title='bbox 1061 1611 1193 1660; x_wconf 87' lang='lat' dir='ltr'><strong>conau-</strong></span> 
     </span>
     <span class='ocr_line' id='line_1_13' title="bbox 82 1700 1194 1784; baseline 0.003 -23"><span class='ocrx_word' id='word_1_70' title='bbox 82 1705 148 1780; x_wconf 91' lang='lat' dir='ltr'><strong>tur,</strong></span> <span class='ocrx_word' id='word_1_71' title='bbox 164 1701 383 1766; x_wconf 85' lang='lat' dir='ltr'><strong>continuatio</strong></span> <span class='ocrx_word' id='word_1_72' title='bbox 409 1703 665 1784; x_wconf 84' lang='lat' dir='ltr'><strong>usurpationis,</strong></span> <span class='ocrx_word' id='word_1_73' title='bbox 685 1702 890 1784; x_wconf 84' lang='lat' dir='ltr'><strong>recognitio</strong></span> <span class='ocrx_word' id='word_1_74' title='bbox 917 1700 1194 1784; x_wconf 84' lang='lat' dir='ltr'><strong>exspoliationis</strong></span> 
     </span>
     <span class='ocr_line' id='line_1_14' title="bbox 83 1807 1196 1893; baseline 0.003 -24"><span class='ocrx_word' id='word_1_75' title='bbox 83 1807 228 1872; x_wconf 90' lang='lat' dir='ltr'><strong>omnium</strong></span> <span class='ocrx_word' id='word_1_76' title='bbox 260 1809 521 1892; x_wconf 87' lang='lat' dir='ltr'><strong>iniquissimae,</strong></span> <span class='ocrx_word' id='word_1_77' title='bbox 556 1815 666 1893; x_wconf 90' lang='lat' dir='ltr'><strong>atque</strong></span> <span class='ocrx_word' id='word_1_78' title='bbox 698 1810 957 1893; x_wconf 86' lang='lat' dir='ltr'><strong>permanentia</strong></span> <span class='ocrx_word' id='word_1_79' title='bbox 989 1807 1196 1890; x_wconf 78' lang='lat' dir='ltr'><strong>buJusmodi</strong></span> 
     </span>
     <span class='ocr_line' id='line_1_15' title="bbox 83 1914 1195 2004; baseline 0.004 -30"><span class='ocrx_word' id='word_1_80' title='bbox 83 1929 193 1978; x_wconf 88' lang='lat' dir='ltr'><strong>rerum</strong></span> <span class='ocrx_word' id='word_1_81' title='bbox 215 1920 331 2004; x_wconf 79' lang='lat' dir='ltr'><strong>status</strong></span> <span class='ocrx_word' id='word_1_82' title='bbox 360 1916 451 1980; x_wconf 88' lang='lat' dir='ltr'><strong>adeo</strong></span> <span class='ocrx_word' id='word_1_83' title='bbox 468 1916 722 1980; x_wconf 88' lang='lat' dir='ltr'><strong>violentissimi</strong></span> <span class='ocrx_word' id='word_1_84' title='bbox 739 1914 835 1980; x_wconf 88' lang='lat' dir='ltr'><strong>idem</strong></span> <span class='ocrx_word' id='word_1_85' title='bbox 861 1919 916 1980; x_wconf 91' lang='lat' dir='ltr'><strong>est</strong></span> <span class='ocrx_word' id='word_1_86' title='bbox 945 1933 989 1979; x_wconf 88' lang='lat' dir='ltr'><strong>ac</strong></span> <span class='ocrx_word' id='word_1_87' title='bbox 1006 1915 1123 1997; x_wconf 89' lang='lat' dir='ltr'><strong>plebis</strong></span> <span class='ocrx_word' id='word_1_88' title='bbox 1142 1920 1195 1979; x_wconf 91' lang='lat' dir='ltr'><strong>tu·</strong></span> 
     </span>
     <span class='ocr_line' id='line_1_16' title="bbox 85 2020 1196 2104; baseline 0.002 -22"><span class='ocrx_word' id='word_1_89' title='bbox 85 2020 273 2086; x_wconf 88' lang='lat' dir='ltr'><strong>multuosae</strong></span> <span class='ocrx_word' id='word_1_90' title='bbox 289 2021 512 2104; x_wconf 87' lang='lat' dir='ltr'><strong>depravatos</strong></span> <span class='ocrx_word' id='word_1_91' title='bbox 529 2022 719 2088; x_wconf 84' lang='lat' dir='ltr'><strong>instinctus</strong></span> <span class='ocrx_word' id='word_1_92' title='bbox 737 2023 878 2103; x_wconf 86' lang='lat' dir='ltr'><strong>fovere,</strong></span> <span class='ocrx_word' id='word_1_93' title='bbox 898 2022 1026 2086; x_wconf 88' lang='lat' dir='ltr'><strong>ruinae</strong></span> <span class='ocrx_word' id='word_1_94' title='bbox 1043 2037 1087 2084; x_wconf 91' lang='lat' dir='ltr'><strong>ac</strong></span> <span class='ocrx_word' id='word_1_95' title='bbox 1104 2025 1196 2084; x_wconf 84' lang='lat' dir='ltr'><strong>stru·</strong></span> 
     </span>
     <span class='ocr_line' id='line_1_17' title="bbox 85 2125 1194 2210; baseline -0.004 -18"><span class='ocrx_word' id='word_1_96' title='bbox 85 2125 119 2206; x_wconf 83' lang='lat' dir='ltr'><strong>gi</strong></span> <span class='ocrx_word' id='word_1_97' title='bbox 138 2128 347 2210; x_wconf 91' lang='lat' dir='ltr'><strong>populorum</strong></span> <span class='ocrx_word' id='word_1_98' title='bbox 365 2130 463 2193; x_wconf 86' lang='lat' dir='ltr'><strong>viam</strong></span> <span class='ocrx_word' id='word_1_99' title='bbox 493 2129 652 2210; x_wconf 91' lang='lat' dir='ltr'><strong>amplam</strong></span> <span class='ocrx_word' id='word_1_100' title='bbox 676 2134 853 2208; x_wconf 90' lang='lat' dir='ltr'><strong>sternere,</strong></span> <span class='ocrx_word' id='word_1_101' title='bbox 872 2144 1016 2192; x_wconf 88' lang='lat' dir='ltr'><strong>necnon</strong></span> <span class='ocrx_word' id='word_1_102' title='bbox 1034 2131 1194 2208; x_wconf 87' lang='lat' dir='ltr'><strong>potesta·</strong></span> 
     </span>
     <span class='ocr_line' id='line_1_18' title="bbox 86 2233 1194 2317; baseline 0.001 -23"><span class='ocrx_word' id='word_1_103' title='bbox 86 2238 148 2297; x_wconf 88' lang='lat' dir='ltr'><strong>tem</strong></span> <span class='ocrx_word' id='word_1_104' title='bbox 170 2233 375 2317; x_wconf 89' lang='lat' dir='ltr'><strong>Principum</strong></span> <span class='ocrx_word' id='word_1_105' title='bbox 405 2235 606 2300; x_wconf 89' lang='lat' dir='ltr'><strong>imminenti</strong></span> <span class='ocrx_word' id='word_1_106' title='bbox 622 2235 795 2298; x_wconf 88' lang='lat' dir='ltr'><strong>laesionis</strong></span> <span class='ocrx_word' id='word_1_107' title='bbox 813 2234 976 2317; x_wconf 90' lang='lat' dir='ltr'><strong>periculo</strong></span> <span class='ocrx_word' id='word_1_108' title='bbox 995 2249 1194 2314; x_wconf 85' lang='lat' dir='ltr'><strong>exponere,</strong></span> 
     </span>
     <span class='ocr_line' id='line_1_19' title="bbox 86 2337 1196 2423; baseline 0.004 -23"><span class='ocrx_word' id='word_1_109' title='bbox 86 2337 179 2404; x_wconf 89' lang='lat' dir='ltr'><strong>immo</strong></span> <span class='ocrx_word' id='word_1_110' title='bbox 203 2342 292 2406; x_wconf 87' lang='lat' dir='ltr'><strong>ver&#39;o</strong></span> <span class='ocrx_word' id='word_1_111' title='bbox 321 2342 526 2423; x_wconf 85' lang='lat' dir='ltr'><strong>completae</strong></span> <span class='ocrx_word' id='word_1_112' title='bbox 555 2341 718 2422; x_wconf 89' lang='lat' dir='ltr'><strong>ejusdem</strong></span> <span class='ocrx_word' id='word_1_113' title='bbox 746 2341 931 2405; x_wconf 85' lang='lat' dir='ltr'><strong>eversioni</strong></span> <span class='ocrx_word' id='word_1_114' title='bbox 948 2339 1196 2407; x_wconf 84' lang='lat' dir='ltr'><strong>voluntariam</strong></span> 
     </span>
     <span class='ocr_line' id='line_1_20' title="bbox 87 2443 1196 2529; baseline 0.001 -23"><span class='ocrx_word' id='word_1_115' title='bbox 87 2449 181 2528; x_wconf 86' lang='lat' dir='ltr'><strong>atque</strong></span> <span class='ocrx_word' id='word_1_116' title='bbox 206 2449 420 2513; x_wconf 87' lang='lat' dir='ltr'><strong>facillimam</strong></span> <span class='ocrx_word' id='word_1_117' title='bbox 438 2447 668 2512; x_wconf 88' lang='lat' dir='ltr'><strong>occasionem</strong></span> <span class='ocrx_word' id='word_1_118' title='bbox 692 2447 883 2529; x_wconf 89' lang='lat' dir='ltr'><strong>praebere.</strong></span> <span class='ocrx_word' id='word_1_119' title='bbox 904 2445 949 2510; x_wconf 82' lang='lat' dir='ltr'><strong>Et</strong></span> <span class='ocrx_word' id='word_1_120' title='bbox 979 2443 1123 2526; x_wconf 92' lang='lat' dir='ltr'><strong>quidem</strong></span> <span class='ocrx_word' id='word_1_121' title='bbox 1140 2444 1196 2508; x_wconf 89' lang='lat' dir='ltr'><strong>bis</strong></span> 
     </span>
     <span class='ocr_line' id='line_1_21' title="bbox 86 2549 1197 2636; baseline 0 -22"><span class='ocrx_word' id='word_1_122' title='bbox 86 2555 279 2619; x_wconf 88' lang='lat' dir='ltr'><strong>novissimis</strong></span> <span class='ocrx_word' id='word_1_123' title='bbox 310 2555 547 2636; x_wconf 89' lang='lat' dir='ltr'><strong>temporibus,</strong></span> <span class='ocrx_word' id='word_1_124' title='bbox 582 2560 787 2636; x_wconf 91' lang='lat' dir='ltr'><strong>postquam,</strong></span> <span class='ocrx_word' id='word_1_125' title='bbox 823 2551 1106 2618; x_wconf 86' lang='lat' dir='ltr'><strong>assentientibus</strong></span> <span class='ocrx_word' id='word_1_126' title='bbox 1135 2549 1197 2616; x_wconf 90' lang='lat' dir='ltr'><strong>vel</strong></span> 
     </span>
     <span class='ocr_line' id='line_1_22' title="bbox 86 2658 1197 2744; baseline 0 -22"><span class='ocrx_word' id='word_1_127' title='bbox 86 2658 327 2738; x_wconf 87' lang='lat' dir='ltr'><strong>plaudentibus</strong></span> <span class='ocrx_word' id='word_1_128' title='bbox 343 2661 529 2742; x_wconf 87' lang='lat' dir='ltr'><strong>guberniis</strong></span> <span class='ocrx_word' id='word_1_129' title='bbox 546 2659 714 2744; x_wconf 86' lang='lat' dir='ltr'><strong>Europae</strong></span> <span class='ocrx_word' id='word_1_130' title='bbox 732 2661 818 2725; x_wconf 92' lang='lat' dir='ltr'><strong>olim</strong></span> <span class='ocrx_word' id='word_1_131' title='bbox 849 2659 1092 2740; x_wconf 84' lang='lat' dir='ltr'><strong>Christianae,</strong></span> <span class='ocrx_word' id='word_1_132' title='bbox 1113 2675 1197 2722; x_wconf 90' lang='lat' dir='ltr'><strong>eou-</strong></span> 
     </span>
     <span class='ocr_line' id='line_1_23' title="bbox 85 2765 1196 2850; baseline 0.001 -22"><span class='ocrx_word' id='word_1_133' title='bbox 85 2767 215 2832; x_wconf 88' lang='lat' dir='ltr'><strong>culoata</strong></span> <span class='ocrx_word' id='word_1_134' title='bbox 243 2772 299 2832; x_wconf 89' lang='lat' dir='ltr'><strong>est</strong></span> <span class='ocrx_word' id='word_1_135' title='bbox 324 2773 487 2850; x_wconf 85' lang='lat' dir='ltr'><strong>potestas</strong></span> <span class='ocrx_word' id='word_1_136' title='bbox 505 2769 717 2850; x_wconf 90' lang='lat' dir='ltr'><strong>temporalis</strong></span> <span class='ocrx_word' id='word_1_137' title='bbox 747 2765 1008 2832; x_wconf 86' lang='lat' dir='ltr'><strong>Successorum</strong></span> <span class='ocrx_word' id='word_1_138' title='bbox 1025 2766 1065 2830; x_wconf 92' lang='lat' dir='ltr'><strong>B.</strong></span> <span class='ocrx_word' id='word_1_139' title='bbox 1085 2765 1196 2846; x_wconf 88' lang='lat' dir='ltr'><strong>Patri,</strong></span> 
     </span>
     <span class='ocr_line' id='line_1_24' title="bbox 84 2872 1199 2956; baseline 0.001 -22"><span class='ocrx_word' id='word_1_140' title='bbox 84 2879 182 2956; x_wconf 85' lang='lat' dir='ltr'><strong>atque</strong></span> <span class='ocrx_word' id='word_1_141' title='bbox 213 2879 465 2940; x_wconf 84' lang='lat' dir='ltr'><strong>consummata</strong></span> <span class='ocrx_word' id='word_1_142' title='bbox 494 2881 550 2938; x_wconf 90' lang='lat' dir='ltr'><strong>est</strong></span> <span class='ocrx_word' id='word_1_143' title='bbox 581 2875 764 2954; x_wconf 80' lang='lat' dir='ltr'><strong>sacrilega</strong></span> <span class='ocrx_word' id='word_1_144' title='bbox 794 2873 951 2956; x_wconf 87' lang='lat' dir='ltr'><strong>direptio</strong></span> <span class='ocrx_word' id='word_1_145' title='bbox 985 2872 1199 2938; x_wconf 89' lang='lat' dir='ltr'><strong>Patrimonii</strong></span> 
     </span>
     <span class='ocr_line' id='line_1_25' title="bbox 84 2975 1198 3063; baseline -0.001 -23"><span class='ocrx_word' id='word_1_146' title='bbox 84 2975 114 3040; x_wconf 85' lang='lat' dir='ltr'><strong>S.</strong></span> <span class='ocrx_word' id='word_1_147' title='bbox 140 2978 250 3061; x_wconf 85' lang='lat' dir='ltr'><strong>Sedis,</strong></span> <span class='ocrx_word' id='word_1_148' title='bbox 269 2981 450 3045; x_wconf 86' lang='lat' dir='ltr'><strong>cernimus</strong></span> <span class='ocrx_word' id='word_1_149' title='bbox 469 2981 626 3063; x_wconf 90' lang='lat' dir='ltr'><strong>undique</strong></span> <span class='ocrx_word' id='word_1_150' title='bbox 643 2995 824 3061; x_wconf 86' lang='lat' dir='ltr'><strong>apparere</strong></span> <span class='ocrx_word' id='word_1_151' title='bbox 841 2977 1063 3044; x_wconf 90' lang='lat' dir='ltr'><strong>horrendum</strong></span> <span class='ocrx_word' id='word_1_152' title='bbox 1092 2993 1198 3040; x_wconf 87' lang='lat' dir='ltr'><strong>revo-</strong></span> 
     </span>
     <span class='ocr_line' id='line_1_26' title="bbox 85 3083 1197 3169; baseline -0.002 -22"><span class='ocrx_word' id='word_1_153' title='bbox 85 3083 219 3150; x_wconf 91' lang='lat' dir='ltr'><strong>lutionis</strong></span> <span class='ocrx_word' id='word_1_154' title='bbox 234 3087 382 3151; x_wconf 90' lang='lat' dir='ltr'><strong>socialis</strong></span> <span class='ocrx_word' id='word_1_155' title='bbox 407 3093 603 3169; x_wconf 87' lang='lat' dir='ltr'><strong>spectrum,</strong></span> <span class='ocrx_word' id='word_1_156' title='bbox 623 3086 708 3150; x_wconf 88' lang='lat' dir='ltr'><strong>totis</strong></span> <span class='ocrx_word' id='word_1_157' title='bbox 726 3086 866 3151; x_wconf 89' lang='lat' dir='ltr'><strong>viribus</strong></span> <span class='ocrx_word' id='word_1_158' title='bbox 895 3087 1016 3150; x_wconf 87' lang='lat' dir='ltr'><strong>nitens</strong></span> <span class='ocrx_word' id='word_1_159' title='bbox 1033 3083 1197 3148; x_wconf 89' lang='lat' dir='ltr'><strong>saecula·</strong></span> 
     </span>
     <span class='ocr_line' id='line_1_27' title="bbox 85 3191 1199 3276; baseline 0.001 -23"><span class='ocrx_word' id='word_1_160' title='bbox 85 3191 135 3254; x_wconf 90' lang='lat' dir='ltr'><strong>ria</strong></span> <span class='ocrx_word' id='word_1_161' title='bbox 158 3211 270 3276; x_wconf 83' lang='lat' dir='ltr'><strong>regua</strong></span> <span class='ocrx_word' id='word_1_162' title='bbox 297 3194 521 3274; x_wconf 88' lang='lat' dir='ltr'><strong>convellere,</strong></span> <span class='ocrx_word' id='word_1_163' title='bbox 539 3191 733 3276; x_wconf 89' lang='lat' dir='ltr'><strong>Supremos</strong></span> <span class='ocrx_word' id='word_1_164' title='bbox 761 3193 1012 3258; x_wconf 87' lang='lat' dir='ltr'><strong>Moderatores</strong></span> <span class='ocrx_word' id='word_1_165' title='bbox 1037 3195 1199 3254; x_wconf 91' lang='lat' dir='ltr'><strong>statuum</strong></span> 
     </span>
     <span class='ocr_line' id='line_1_28' title="bbox 87 3281 1196 3382; baseline -0.001 -22"><span class='ocrx_word' id='word_1_166' title='bbox 87 3281 221 3382; x_wconf 71' lang='lat' dir='ltr'><strong>ado&#39;riri,</strong></span> <span class='ocrx_word' id='word_1_167' title='bbox 240 3305 277 3366; x_wconf 92' lang='lat' dir='ltr'><strong>et</strong></span> <span class='ocrx_word' id='word_1_168' title='bbox 293 3306 456 3366; x_wconf 87' lang='lat' dir='ltr'><strong>veterem</strong></span> <span class='ocrx_word' id='word_1_169' title='bbox 474 3300 643 3382; x_wconf 83' lang='lat' dir='ltr'><strong>Europae</strong></span> <span class='ocrx_word' id='word_1_170' title='bbox 670 3301 966 3364; x_wconf 92' lang='lat' dir='ltr'><strong>constitutionem</strong></span> <span class='ocrx_word' id='word_1_171' title='bbox 991 3298 1196 3376; x_wconf 89' lang='lat' dir='ltr'><strong>immutare;</strong></span> 
     </span>
     <span class='ocr_line' id='line_1_29' title="bbox 86 3402 1197 3491; baseline -0.005 -21"><span class='ocrx_word' id='word_1_172' title='bbox 86 3421 126 3470; x_wconf 86' lang='lat' dir='ltr'><strong>ac</strong></span> <span class='ocrx_word' id='word_1_173' title='bbox 146 3410 319 3490; x_wconf 85' lang='lat' dir='ltr'><strong>proiecto,</strong></span> <span class='ocrx_word' id='word_1_174' title='bbox 338 3409 407 3474; x_wconf 88' lang='lat' dir='ltr'><strong>uisi</strong></span> <span class='ocrx_word' id='word_1_175' title='bbox 431 3409 622 3491; x_wconf 90' lang='lat' dir='ltr'><strong>imperium</strong></span> <span class='ocrx_word' id='word_1_176' title='bbox 645 3408 811 3490; x_wconf 87' lang='lat' dir='ltr'><strong>jnstitiae</strong></span> <span class='ocrx_word' id='word_1_177' title='bbox 840 3407 958 3471; x_wconf 90' lang='lat' dir='ltr'><strong>denuo</strong></span> <span class='ocrx_word' id='word_1_178' title='bbox 990 3402 1197 3486; x_wconf 88' lang='lat' dir='ltr'><strong>splendeat,</strong></span> 
     </span>
     <span class='ocr_line' id='line_1_30' title="bbox 86 3513 626 3597; baseline 0.009 -23"><span class='ocrx_word' id='word_1_179' title='bbox 86 3515 195 3578; x_wconf 89' lang='lat' dir='ltr'><strong>omnia</strong></span> <span class='ocrx_word' id='word_1_180' title='bbox 210 3533 272 3581; x_wconf 86' lang='lat' dir='ltr'><strong>sus</strong></span> <span class='ocrx_word' id='word_1_181' title='bbox 289 3513 405 3597; x_wconf 90' lang='lat' dir='ltr'><strong>deque</strong></span> <span class='ocrx_word' id='word_1_182' title='bbox 421 3520 626 3580; x_wconf 88' lang='lat' dir='ltr'><strong>vertentur.</strong></span> 
     </span>
    </p>

    <p class='ocr_par' dir='ltr' id='par_1_8' title="bbox 83 3615 1204 4342">
     <span class='ocr_line' id='line_1_31' title="bbox 167 3615 1201 3704; baseline -0.007 -19"><span class='ocrx_word' id='word_1_183' title='bbox 167 3621 239 3686; x_wconf 81' lang='lat'>145.</span> <span class='ocrx_word' id='word_1_184' title='bbox 289 3621 488 3704; x_wconf 87' lang='lat' dir='ltr'><strong>Religionis</strong></span> <span class='ocrx_word' id='word_1_185' title='bbox 520 3619 708 3686; x_wconf 89' lang='lat' dir='ltr'><strong>commodo</strong></span> <span class='ocrx_word' id='word_1_186' title='bbox 726 3624 763 3684; x_wconf 93' lang='lat' dir='ltr'><strong>et</strong></span> <span class='ocrx_word' id='word_1_187' title='bbox 784 3619 876 3698; x_wconf 83' lang='lat' dir='ltr'><strong>juris</strong></span> <span class='ocrx_word' id='word_1_188' title='bbox 904 3615 1201 3701; x_wconf 86' lang='lat' dir='ltr'><strong>praescriptioni·</strong></span> 
     </span>
     <span class='ocr_line' id='line_1_32' title="bbox 86 3723 1200 3811; baseline -0.002 -25"><span class='ocrx_word' id='word_1_189' title='bbox 86 3723 144 3790; x_wconf 88' lang='lat' dir='ltr'><strong>bus</strong></span> <span class='ocrx_word' id='word_1_190' title='bbox 173 3729 374 3811; x_wconf 82' lang='lat' dir='ltr'><strong>adJungerc</strong></span> <span class='ocrx_word' id='word_1_191' title='bbox 405 3727 511 3792; x_wconf 91' lang='lat' dir='ltr'><strong>decet</strong></span> <span class='ocrx_word' id='word_1_192' title='bbox 550 3727 744 3792; x_wconf 90' lang='lat' dir='ltr'><strong>nonnullas</strong></span> <span class='ocrx_word' id='word_1_193' title='bbox 778 3725 1057 3790; x_wconf 89' lang='lat' dir='ltr'><strong>observationes</strong></span> <span class='ocrx_word' id='word_1_194' title='bbox 1090 3723 1200 3786; x_wconf 88' lang='lat' dir='ltr'><strong>inter·</strong></span> 
     </span>
     <span class='ocr_line' id='line_1_33' title="bbox 84 3815 1202 3911; baseline -0.004 -17"><span class='ocrx_word' id='word_1_195' title='bbox 84 3835 279 3900; x_wconf 83' lang='lat' dir='ltr'><strong>rationales</strong></span> <span class='ocrx_word' id='word_1_196' title='bbox 298 3853 344 3900; x_wconf 85' lang='lat' dir='ltr'><strong>ex</strong></span> <span class='ocrx_word' id='word_1_197' title='bbox 364 3838 488 3900; x_wconf 91' lang='lat' dir='ltr'><strong>mutua</strong></span> <span class='ocrx_word' id='word_1_198' title='bbox 504 3833 762 3898; x_wconf 91' lang='lat' dir='ltr'><strong>convenientia</strong></span> <span class='ocrx_word' id='word_1_199' title='bbox 777 3837 813 3896; x_wconf 93' lang='lat' dir='ltr'><strong>et</strong></span> <span class='ocrx_word' id='word_1_200' title='bbox 830 3815 1021 3911; x_wconf 84' lang='lat' dir='ltr'><strong>reciproco</strong></span> <span class='ocrx_word' id='word_1_201' title='bbox 1038 3827 1202 3910; x_wconf 87' lang='lat' dir='ltr'><strong>gentium</strong></span> 
     </span>
     <span class='ocr_line' id='line_1_34' title="bbox 83 3931 1202 4024; baseline -0.004 -24"><span class='ocrx_word' id='word_1_202' title='bbox 83 3937 169 4005; x_wconf 93' lang='lat' dir='ltr'><strong>bouo</strong></span> <span class='ocrx_word' id='word_1_203' title='bbox 194 3943 440 4024; x_wconf 88' lang='lat' dir='ltr'><strong>depromptas:</strong></span> <span class='ocrx_word' id='word_1_204' title='bbox 462 3939 513 4005; x_wconf 87' lang='lat'><strong>1.⁰</strong></span> <span class='ocrx_word' id='word_1_205' title='bbox 531 3939 741 4004; x_wconf 87' lang='lat' dir='ltr'><strong>necessaria</strong></span> <span class='ocrx_word' id='word_1_206' title='bbox 765 3944 821 4002; x_wconf 88' lang='lat' dir='ltr'><strong>est</strong></span> <span class='ocrx_word' id='word_1_207' title='bbox 850 3935 1034 4001; x_wconf 89' lang='lat' dir='ltr'><strong>restitutio</strong></span> <span class='ocrx_word' id='word_1_208' title='bbox 1053 3931 1202 3998; x_wconf 90' lang='lat' dir='ltr'><strong>dominii</strong></span> 
     </span>
     <span class='ocr_line' id='line_1_35' title="bbox 84 4037 1201 4130; baseline -0.004 -24"><span class='ocrx_word' id='word_1_209' title='bbox 84 4045 286 4130; x_wconf 86' lang='lat' dir='ltr'><strong>temporalis</strong></span> <span class='ocrx_word' id='word_1_210' title='bbox 310 4048 358 4112; x_wconf 90' lang='lat' dir='ltr'><strong>ad</strong></span> <span class='ocrx_word' id='word_1_211' title='bbox 381 4047 536 4112; x_wconf 88' lang='lat' dir='ltr'><strong>liberum</strong></span> <span class='ocrx_word' id='word_1_212' title='bbox 563 4044 598 4110; x_wconf 85' lang='lat' dir='ltr'><strong>S.</strong></span> <span class='ocrx_word' id='word_1_213' title='bbox 617 4044 720 4110; x_wconf 87' lang='lat' dir='ltr'><strong>Sedis</strong></span> <span class='ocrx_word' id='word_1_214' title='bbox 738 4043 997 4108; x_wconf 89' lang='lat' dir='ltr'><strong>commercium</strong></span> <span class='ocrx_word' id='word_1_215' title='bbox 1026 4058 1107 4106; x_wconf 90' lang='lat' dir='ltr'><strong>cum</strong></span> <span class='ocrx_word' id='word_1_216' title='bbox 1125 4037 1201 4102; x_wconf 93' lang='lat' dir='ltr'><strong>uni·</strong></span> 
     </span>
     <span class='ocr_line' id='line_1_36' title="bbox 85 4147 1202 4237; baseline -0.004 -24"><span class='ocrx_word' id='word_1_217' title='bbox 85 4155 194 4219; x_wconf 84' lang='lat' dir='ltr'><strong>versis</strong></span> <span class='ocrx_word' id='word_1_218' title='bbox 210 4154 333 4220; x_wconf 89' lang='lat' dir='ltr'><strong>muudi</strong></span> <span class='ocrx_word' id='word_1_219' title='bbox 349 4153 493 4237; x_wconf 91' lang='lat' dir='ltr'><strong>populis</strong></span> <span class='ocrx_word' id='word_1_220' title='bbox 512 4151 799 4232; x_wconf 88' lang='lat' dir='ltr'><strong>sustentandum;</strong></span> <span class='ocrx_word' id='word_1_221' title='bbox 817 4148 951 4214; x_wconf 89' lang='lat' dir='ltr'><strong>etenim</strong></span> <span class='ocrx_word' id='word_1_222' title='bbox 969 4147 1048 4212; x_wconf 89' lang='lat' dir='ltr'><strong>sine</strong></span> <span class='ocrx_word' id='word_1_223' title='bbox 1065 4150 1202 4226; x_wconf 89' lang='lat' dir='ltr'><strong>tempo·</strong></span> 
     </span>
     <span class='ocr_line' id='line_1_37' title="bbox 88 4251 1204 4342; baseline -0.003 -24"><span class='ocrx_word' id='word_1_224' title='bbox 88 4259 149 4322; x_wconf 91' lang='lat' dir='ltr'><strong>rali</strong></span> <span class='ocrx_word' id='word_1_225' title='bbox 161 4266 339 4342; x_wconf 87' lang='lat' dir='ltr'><strong>potestate</strong></span> <span class='ocrx_word' id='word_1_226' title='bbox 352 4279 397 4326; x_wconf 92' lang='lat' dir='ltr'><strong>ac</strong></span> <span class='ocrx_word' id='word_1_227' title='bbox 410 4277 581 4342; x_wconf 86' lang='lat' dir='ltr'><strong>suprema</strong></span> <span class='ocrx_word' id='word_1_228' title='bbox 595 4256 841 4322; x_wconf 88' lang='lat' dir='ltr'><strong>dominatione</strong></span> <span class='ocrx_word' id='word_1_229' title='bbox 854 4255 1098 4320; x_wconf 85' lang='lat' dir='ltr'><strong>Romanorum</strong></span> <span class='ocrx_word' id='word_1_230' title='bbox 1111 4251 1204 4316; x_wconf 90' lang='lat' dir='ltr'><strong>Pon·</strong></span> 
     </span>
    </p>
   </div>
   <div class='ocr_carea' id='block_1_3' title="bbox 0 0 1533 4994">
    <p class='ocr_par' dir='ltr' id='par_1_9' title="bbox 0 0 1533 4994">
     <span class='ocr_line' id='line_1_38' title="bbox 0 0 1533 4994; baseline 0 0"><span class='ocrx_word' id='word_1_231' title='bbox 0 0 1533 4994; x_wconf 95' lang='lat' dir='ltr'><strong> </strong></span> 
     </span>
    </p>
   </div>
  </div>
 </body>
</html>
