3028 4992
12 451 15 484 l

550 355 587 367 ·-
613 322 725 380 359-

12 493 14 510 1
85 483 218 546 magna
234 465 448 547 eggrupatio
467 465 663 546 hominum,
683 465 753 547 qui,
774 465 941 548 quumvis
955 465 1203 530 communibus

12 549 13 564 ¹
84 571 239 652 generiS,
253 572 412 653 linguae,
432 572 703 636 consuetudinis
721 589 765 636 ec
780 571 967 653 religionis
983 573 1203 637 characteri-

83 677 144 739 bus
163 677 384 759 vinciantur,
415 682 538 742 tumen
571 677 725 760 dispersi
753 679 957 742 habeantur
976 696 1041 762 per
1059 679 1203 742 dissitas

82 782 205 846 mundi
219 784 345 865 plagas
360 789 422 847 sut
435 784 539 847 varis
557 785 755 864 territoria,
771 785 901 866 quibus
916 785 1084 866 regendis
1099 803 1202 866 prae·

82 889 457 954 dolanturdistinctae
485 891 723 954 auctoritates
751 909 945 973 supremae
974 895 1084 973 atque
1103 890 1202 954 inde-

82 995 294 1075 pendentes.

166 1103 225 1165 30.
273 1103 345 1166 Sub
362 1105 508 1168 nomine
526 1111 647 1168 autem
675 1103 795 1170 Status
821 1103 956 1186 passim
974 1103 1200 1184 intelligitur:

81 1203 333 1291 Δ’19916111616116
346 1229 556 1292 permanens
573 1211 700 1274 ciuium
733 1231 792 1274 seu
824 1210 1052 1289 subditorum,
1068 1212 1202 1274 territo·

80 1313 169 1378 rium
188 1315 454 1380 determinatum
481 1317 562 1400 pius
594 1319 748 1382 minusue
777 1317 930 1400 amplum
948 1318 1201 1400 occupantium,

81 1421 137 1484 sub
155 1421 322 1505 repimine
339 1443 520 1506 supremae
533 1425 767 1504 auctoritatis,
787 1424 842 1487 c'ui
855 1423 959 1506 pleno
968 1426 1054 1508 jure
1073 1443 1202 1506 compe·

80 1527 118 1590 ut
132 1530 337 1611 pubernutio
348 1531 496 1612 politica
511 1531 614 1594 totius
632 1531 883 1610 associationes,
903 1537 1003 1612 atque
1022 1530 1202 1594 observan-

81 1633 127 1696 tia
145 1635 368 1718 defensioque
381 1636 494 1700 ι111111.

166 1739 222 1803 Ex
240 1759 310 1822 quo
329 1741 484 1806 infertur
503 1743 573 1805 tris
590 1743 701 1805 etiarn
734 1759 815 1806 esse
834 1743 1015 1806 elementa
1032 1743 1202 1806 constitu·

80 1844 166 1926 tiva,
182 1865 278 1929 quse
291 1849 474 1912 notionem
488 1847 610 1912 Status
627 1849 694 1911 rite
709 1849 896 1929 deliniunt,
912 1866 1054 1930 nempe:
1073 1867 1202 1930 uggru·

81 1952 177 2028 patio
196 1951 436 2034 subditorum,
466 1955 657 2036 occupatio
690 1972 908 2036 permanens
941 1957 1114 2019 territorii
1145 1955 1202 2018 de-

81 2059 267 2140 termitati,
303 2064 339 2123 61
371 2061 517 2142 plenum
563 2062 752 2142 imperium
786 2063 1009 2143 (suberanlu)
1042 2062 1079 2124 in
1108 2061 1203 2124 idem

84 2165 317 2230 territorium.

165 2273 222 2336 31.
272 2273 327 2338 Ex
344 2277 501 2357 genuino
523 2276 645 2341 Status
664 2293 708 2340 uc
722 2275 885 2339 Nationis
902 2277 1081 2357 conceptu
1099 2291 1201 2356 supe-

82 2376 150 2442 rius
168 2379 354 2444 delineato
373 2399 527 2464 pronum
556 2389 611 2446 est
644 2383 827 2464 conjicere
854 2383 1002 2465 insuper
1021 2382 1204 2464 quodnam

82 2480 274 2550 discrimen
287 2487 381 2552 inter
395 2493 585 2571 utrumque
604 2491 792 2553 entitatem
811 2490 996 2570 politicam
1023 2495 1132 2571 utque
1148 2489 1200 2568 ju·

83 2589 549 2674 ridicampersonalitatcm
582 2597 628 2659 sit
660 2595 879 2678 ponendum,
900 2595 1076 2660 differunt
1108 2597 1203 2659 enim

83 2696 214 2778 triplici
232 2701 456 2780 potissimum
476 2701 520 2766 de
538 2704 671 2784 cupite:
690 2705 741 2766 l.⁰
759 2702 880 2767 Status
898 2703 1125 2767 exclusivum
1142 2704 1202 2765 im·

83 2806 219 2880 perium
249 2810 427 2889 exposcit3
448 2809 554 2872 Natio
581 2815 701 2873 eutem
726 2813 987 2891 supremntium
1017 2810 1200 2874 distincta-

85 2923 156 2973 rum
169 2913 428 2976 auctoritutum
446 2914 646 2995 importare
661 2915 773 2993 vulet3
789 2913 836 2978 29
851 2914 973 2978 Status
992 2933 1037 2978 ex
1051 2915 1202 2978 subditis

84 3025 235 3100 constat,
255 3020 355 3083 nulle
373 3020 496 3084 habita
515 3023 656 3084 ratione
686 3023 823 3104 stirpis,
850 3023 1039 3102 sermonis,
1061 3040 1200 3100 usuum,

86 3124 306 3208 aliorumque
323 3127 585 3191 elementorum
603 3127 638 3190 id
655 3145 781 3209 genum
801 3129 907 3193 Natio
936 3147 1025 3193 vero
1054 3127 1201 3192 homini-

85 3226 143 3294 bus
161 3233 337 3296 coalescit
355 3234 535 3296 cummuni
565 3252 660 3297 nexu
679 3235 841 3316 originis,
863 3235 1110 3314 traditionum,
1142 3233 1201 3296 hu-

86 3333 231 3417 bltuum,
264 3340 407 3420 indolis,
441 3341 683 3424 similiumque
716 3343 970 3406 characterum
1005 3341 1200 3422 colligatis3

84 3441 129 3504 32³
143 3444 266 3510 Status
284 3447 460 3510 conflatus
478 3455 532 3510 est
546 3465 591 3511 ex
609 3449 791 3512 territorio
811 3449 1021 3529 specialiter
1040 3447 1200 3527 delinito,

85 3549 182 3630 qu'us
214 3551 347 3614 limites
380 3551 542 3615 efficiunt
571 3553 761 3634 imperium
794 3552 883 3616 illud
913 3551 1204 3634 jurisdictionem

85 3659 337 3723 territoriulem
355 3659 552 3742 (suberecta
571 3662 777 3738 territoriai)
800 3661 907 3742 vulgo
941 3665 1201 3740 nuncupatum3

85 3763 142 3828 ssd
157 3765 265 3829 Natio
283 3765 320 3828 in
333 3784 397 3829 suo
418 3775 597 3847 conceptu
613 3773 722 3848 utque
741 3767 1033 3830 denominatione
1052 3767 1151 3847 cupit
1168 3773 1203 3828 st

86 3873 332 3953 complectitur
360 3873 517 3953 plurima
535 3881 761 3955 extensaque
779 3874 975 3952 territoria,
996 3890 1041 3936 ex
1074 3873 1203 3954 quibus

86 3983 270 4059 emergunt
283 3979 343 4041 vel
361 3995 559 4060 exsurgere
574 3983 710 4060 queunt
729 3981 832 4042 varia
849 3980 1002 4062 imperia
1018 3996 1081 4042 seu
1096 3977 1202 4058 111116-

87 4077 256 4148 dictiones
270 4084 406 4148 locales
423 4087 639 4163 (suberuntas
654 4087 911 4164 territoriales).

166 4191 274 4256 Natio
292 4191 444 4273 proinde
467 4191 670 4274 computari
688 4199 808 4274 potest
826 4193 927 4256 velut
949 4193 1068 4258 unitus
1101 4197 1198 4257 netu·
