3062 4994
779 339 955 400 -166-

307 499 393 580 dici,
413 499 459 564 ad
488 517 594 584 quern
621 499 790 586 Episcopi
806 487 932 566 Italiae
946 505 982 566 et
999 501 1176 568 Romanus
1192 501 1340 568 Praesal
1372 519 1430 567 re·

307 607 573 690 scripsissent“;
592 611 616 686 ο)
642 625 687 672 ex
712 607 840 674 Edicto
869 607 1097 674 Constantini
1125 613 1162 674 et
1173 607 1302 674 Licinii
1332 627 1437 674 anno

308 713 374 777 313
399 715 641 796 promulgato,
661 713 722 779 ubi
750 715 845 779 inter
874 714 948 779 alia
975 717 1028 780 sic
1056 714 1277 780 decernitur:
1305 717 1436 782 Omnia

307 839 397 904 erpo,
415 839 502 904 quac
514 821 561 884 ad
578 819 753 885 Ecclesiae
769 824 846 886 niso
871 822 1005 906 fuerint
1015 824 1203 906 pertinere,
1220 823 1291 886 sine
1308 821 1438 887 domus

306 928 478 1010 possessio
506 928 561 1004 sit,
579 929 651 991 siae
679 929 765 1012 apri,
783 929 855 992 siae
882 927 983 1007 horti,
1001 949 1061 992 sea
1088 948 1317 1012 qaaecumque
1343 929 1437 1008 alia,

308 1033 404 1096 uallo
420 1035 508 1116 jure,
526 1033 616 1116 qaod
629 1035 675 1098 ori
692 1034 881 1100 dominium
898 1035 1232 1115 assimularemus,
1246 1033 1306 1099 ted
1322 1035 1436 1099 omni·

310 1139 373 1203 baa
384 1141 528 1224 inteyris
540 1142 765 1221 mouentibus,
782 1142 1084 1228 restituijabemas
1099 1141 1159 1219 (1).

401 1261 453 1326 29
500 1263 695 1348 Postquam
713 1273 832 1329 autem
847 1281 938 1347 pace
951 1263 1246 1329 constantiniana
1258 1281 1317 1328 res
1330 1261 1437 1328 Chri·

311 1368 512 1434 stianorum
544 1369 674 1435 florere
703 1377 913 1452 coeperunt,
943 1371 1039 1454 apud
1072 1387 1197 1434 omnes
1224 1377 1348 1435 notum
1377 1377 1442 1436 est

312 1491 358 1540 ex
375 1477 463 1558 ipsis
480 1477 744 1560 Imperatorum
762 1477 1015 1559 largitionibus
1033 1483 1070 1542 et
1098 1477 1238 1560 legibus
1266 1478 1441 1560 superius

312 1583 440 1647 relatis
465 1583 667 1648 Ecclesiam
684 1585 814 1649 iundos
833 1603 965 1667 magna
982 1585 1090 1666 copia
1107 1601 1340 1666 comparasse
1353 1585 1441 1648 sive

311 1705 379 1771 per
402 1695 671 1772 testamentum,
689 1691 768 1756 sive
784 1693 826 1756 ab
851 1693 1021 1772 intestato,
1039 1691 1118 1755 sive
1134 1709 1200 1772 per
1219 1691 1443 1756 donationes

313 1799 404 1860 inter
431 1798 526 1862 vicos
544 1797 604 1880 (2):
631 1797 713 1863 deiu
731 1815 820 1862 vero
849 1805 996 1881 praeter
1024 1799 1179 1880 legalem
1208 1797 1441 1863 sanctionem

312 1907 350 1966 et
373 1903 599 1986 imperialem
618 1905 875 1968 liberalitatem
900 1905 982 1968 aliis
1000 1905 1171 1987 legitimis
1189 1904 1302 1969 titulis
1331 1904 1437 1984 paul-

312 2009 414 2073 latim
444 2011 562 2074 cravit
589 2009 777 2075 Ecclesiae
805 2009 1075 2092 patrimonium,
1104 2011 1244 2091 maguis
1272 2009 1441 2092 praediis

314 2123 351 2180 et
368 2117 525 2200 copiosis
542 2117 645 2182 bonis
663 2117 778 2182 eidem
793 2119 964 2199 accessis,
982 2125 1056 2182 tum
1089 2135 1154 2200 per
1185 2115 1440 2181 haereditates

314 2228 351 2288 et
364 2222 816 2307 donationes2Clericorum
830 2223 1150 2309 etMonachorum,
1171 2225 1255 2306 quia
1272 2223 1439 2306 ipsorum
1519 2267 1520 2272 κ

314 2329 492 2414 plerique,
511 2329 595 2395 dum
621 2349 661 2395 so
689 2331 798 2395 altari
817 2331 876 2396 vel
893 2332 1111 2396 monasterio
1130 2329 1352 2410 dedicarent,
1373 2329 1436 2394 bo·
1519 2417 1520 2420 Ἴ

313 2455 362 2501 ua
379 2455 445 2501 sua
472 2441 534 2502 aut
551 2455 673 2502 eorum
691 2443 833 2520 partem
858 2439 894 2502 in
922 2437 1106 2503 Ecclesias
1123 2437 1184 2502 vel
1211 2435 1443 2502 Monasteria

314 2545 598 2627 transferebant,
618 2551 655 2610 et
673 2545 819 2610 aliunde
836 2545 957 2610 omnia
974 2563 1067 2630 quae
1085 2543 1253 2609 Monachi
1270 2543 1439 2608 haeredi·

314 2652 407 2714 taric
440 2653 691 2733 acquirebant,
725 2651 945 2717 Monasterio
978 2652 1230 2734 acquirebant3
1262 2655 1336 2714 tum
1369 2667 1443 2734 per

309 2760 498 2842 precarias
526 2759 587 2841 (3),
605 2775 735 2823 census
752 2761 811 2823 vel
841 2759 961 2840 leuda;
981 2767 1055 2823 turn
1088 2775 1154 2841 per
1182 2758 1442 2839 eleemosynas
1503 2807 1507 2812 .

315 2863 363 2928 ad
391 2863 611 2932 redimendas
633 2867 880 2950 poenitentias·
908 2873 982 2929 turn
1008 2883 1074 2948 per
1102 2865 1181 2947 pias
1208 2862 1441 2930 Summorum

314 2969 522 3054 Principum
542 2977 579 3036 et
594 2972 816 3050 christianae
834 2973 952 3054 gentis
969 2971 1195 3054 largitiones:
1213 2971 1277 3036 sed
1295 2972 1439 3053 praeci-

315 3095 387 3162 pue
402 3077 590 3143 Ecclesiae
608 3079 865 3161 acquisitiones
883 3079 1069 3144 uberiores
1085 3079 1207 3144 factae
1224 3087 1307 3143 sunt
1325 3085 1443 3162 atque

314 3187 511 3250 maximum
529 3185 793 3250 incrementum
819 3193 1037 3270 receperunt
1065 3203 1111 3250 ex
1129 3186 1303 3250 utentium
1321 3185 1443 3267 parsi·

316 3403 503 3414 unu—n*

387 3565 424 3626 (l)
460 3563 544 3629 Apud
558 3561 724 3628 Eusebium,
737 3559 784 3613 lib.
798 3560 827 3612 11
839 3557 871 3612 de
889 3557 954 3612 Vita
968 3555 1222 3627 maecenatem.
1235 3561 1278 3612 39.

386 3635 423 3696 (a)
460 3633 754 3686 Animadvertendum
778 3637 823 3683 est
848 3629 1003 3682 Ecclesiam
1030 3631 1199 3682 donationes
1223 3629 1443 3684 benefactorum
1517 3635 1518 3660 l

314 3717 463 3771 nunquam
476 3709 640 3770 acceptasse
660 3719 724 3756 cum
738 3703 910 3755 detrimento
922 3701 1042 3754 liliorum
1057 3701 1102 3753 vel
1122 3701 1276 3754 haeredum
1291 3703 1340 3767 qui
1353 3717 1443 3756 necea

316 3775 387 3830 sarii
407 3775 548 3836 dicuntum
569 3775 643 3842 binc,
662 3777 774 3840 quoties
795 3774 832 3826 de
853 3771 920 3826 liliis
941 3779 991 3826 aut
1010 3771 1177 3839 propinquis
1196 3772 1280 3825 valde
1298 3773 1446 3839 proximis

317 3853 456 3912 ageretur,
469 3861 582 3912 semper
595 3845 743 3912 usurpavit
755 3846 937 3897 notissimum
959 3843 985 3896 S.
1001 3843 1153 3908 Augustini
1166 3842 1295 3895 citatum:
1313 3841 1369 3910 Qui
1380 3843 1444 3898 isae-

315 3917 406 3972 redem
426 3915 479 3970 sibi
495 3915 563 3981 uult,
575 3916 634 3968 suis
650 3915 757 3982 spretas,
769 3915 856 3968 aliam
873 3913 1026 3982 episcopum
1044 3916 1168 3982 quaerat,
1180 3929 1236 3967 aas
1254 3914 1445 3982 Aupastiaam

318 3984 585 4058 (Solvagius-Inst.
601 3985 702 4040 Canon.
715 3987 763 4040 lib.
776 3987 814 4048 11,
827 3990 869 4040 tit
883 3987 963 4053 xvi,
975 4001 1052 4038 num.
1067 3987 1126 4052 ὀρ).

388 4064 426 4126 (³)
464 4057 614 4112 Precariae
624 4057 799 4112 vocabantur
809 4057 949 4124 quaedam
962 4057 1132 4110 donationes
1151 4055 1331 4123 praediorum
1346 4057 1443 4110 Eccle-

318 4133 378 4185 siae
391 4145 441 4199 per
451 4129 550 4183 fideles
562 4129 664 4195 iactae,
672 4134 785 4182 servato
795 4132 892 4182 mmsn
902 4127 958 4182 sibi
969 4129 1013 4180 vel
1024 4127 1091 4180 liliis
1099 4131 1149 4180 aut
1157 4127 1324 4196 propinquis
1332 4143 1443 4181 eornm·
1516 4177 1517 4182 ,

316 4203 383 4258 dam
397 4201 548 4256 usufructu
559 4216 624 4255 cum
637 4201 743 4270 duplici
756 4215 807 4254 son
820 4199 924 4268 triplici
936 4199 1049 4253 redditu
1060 4200 1142 4266 juxta
1156 4200 1317 4268 pactionem
1328 4201 1443 4254 initam.
