3058 4994
788 375 965 436 -418-

402 518 455 584 4.⁰
511 518 676 602 Denique
708 519 829 602 quoad
862 518 1011 584 flumina
1041 517 1152 582 etlam
1183 517 1448 582 contendimus

315 625 435 690 omnia
459 625 571 690 fluvia
586 626 811 710 novipobilio,
829 625 909 690 sive
938 623 1251 706 internetionalia,
1269 623 1350 688 sive
1374 641 1448 688 na-

314 731 478 812 tionalia,
494 731 632 795 liberae
645 731 874 812 navigationi
886 737 923 796 et
936 735 1151 795 cunctarum
1165 730 1326 812 gentium
1340 746 1448 794 com-

314 838 449 902 mercio
474 841 604 919 aperta
621 855 702 902 esse
719 836 914 918 censenda3
934 855 1000 919 pro
1027 837 1096 902 hac
1113 837 1318 901 assertione
1335 841 1447 900 tuen·

315 943 361 1008 da
386 943 674 1026 quamplurimae
702 943 864 1008 rationes
892 947 1106 1026 suppetunt,
1124 960 1216 1026 quas
1243 942 1448 1008 brevitatis

314 1052 435 1133 gratia
465 1051 673 1114 summatim
704 1049 967 1132 subjungimus:
1004 1049 1033 1134 ⁸)
1066 1067 1180 1132 mare,
1214 1067 1273 1114 res
1306 1033 1448 1131 nempe

315 1157 543 1239 principalia,
573 1157 727 1220 liberum
756 1163 823 1238 est,
848 1157 996 1222 flumina
1024 1157 1137 1238 igitur
1165 1157 1244 1238 ejus
1272 1173 1447 1221 accesso-

315 1265 407 1327 rium
434 1263 565 1344 potiori
585 1263 668 1344 jure
685 1263 801 1328 libera
820 1263 941 1345 putari
959 1263 1105 1344 debent,
1126 1265 1263 1346 quippe
1287 1283 1447 1328 accesso·

315 1369 407 1434 rium
434 1370 588 1453 sequitur
601 1369 816 1454 principata
831 1366 857 1450 b)
876 1387 993 1452 oquae
1021 1369 1068 1432 ab
1084 1369 1166 1450 ipsa
1190 1375 1322 1433 nature
1340 1369 1448 1432 inae·

316 1474 474 1557 qualiter
490 1491 601 1557 supra
629 1475 857 1557 superficiem
882 1463 1003 1539 terrae
1030 1473 1247 1540 distributae
1273 1479 1369 1554 sunt,
1387 1475 1449 1538 ita

317 1586 355 1646 ut
372 1581 455 1646 hino
473 1582 677 1662 affluenter,
697 1581 798 1645 illinc
815 1599 903 1646 vero
937 1599 1049 1663 parce
1066 1581 1275 1660 decurrant
1295 1579 1391 1644 unde
1411 1581 1448 1644 si

316 1689 400 1752 viae
430 1688 625 1752 fluviatiles
643 1687 961 1769 interdicerentur,
982 1705 1115 1770 magna
1142 1687 1371 1752 incommoda
1404 1693 1448 1751 et

316 1795 476 1876 positiva
500 1793 633 1858 domna
661 1793 805 1876 populis
830 1799 866 1858 et
891 1794 1098 1858 nationibus
1127 1795 1395 1876 irrogarentur3
1417 1797 1447 1872 ο)

316 1917 401 1966 usus
419 1918 596 1983 aquarum
620 1917 744 1965 earum
763 1901 905 1982 copiam
932 1907 970 1964 ut
988 1901 1182 1983 plurimum
1200 1919 1272 1965 non
1304 1900 1447 1966 exhau-

316 2009 376 2090 rit,
393 2025 510 2090 neque
527 2008 688 2089 ipsarum
706 2008 870 2072 valorem
887 2007 1079 2088 imminuit,
1095 2026 1142 2072 ex
1161 2026 1230 2090 quo
1249 2007 1289 2071 flt
1306 2025 1447 2090 aequo-

316 2132 359 2179 ra
376 2131 441 2196 per
458 2113 608 2196 navigio
636 2119 847 2178 exterarum
863 2115 1026 2195 gentium
1055 2115 1190 2178 sulcari
1211 2131 1330 2196 posse,
1351 2117 1448 2196 quin

313 2221 398 2302 jura
414 2219 607 2284 laedantur
634 2218 800 2284 Statuam
830 2218 1026 2284 dominium
1044 2220 1082 2284 in
1106 2219 1253 2284 flumina
1278 2218 1446 2302 gauden-

317 2327 418 2408 tium;
434 2323 461 2410 d)
488 2325 634 2390 sublata
661 2326 722 2390 vel
749 2325 906 2390 infitiata
936 2326 1106 2390 libertate
1134 2326 1317 2406 fluminea,
1337 2331 1448 2391 recto

317 2435 600 2515 consequeretur
631 2432 806 2514 quosdam
835 2449 959 2496 amnes
985 2433 1190 2497 nationales
1215 2433 1338 2514 magni
1365 2450 1447 2496 mo-

318 2541 443 2620 menti,
469 2539 584 2604 veluti
611 2539 840 2622 Messisipum
867 2540 972 2604 unius
996 2537 1120 2605 Status
1148 2540 1348 2622 proprium,
1376 2539 1447 2605 hc·

318 2646 461 2710 dicdum
493 2647 710 2710 commercio
744 2647 902 2710 omnium
936 2647 1123 2710 nationum
1157 2650 1323 2728 apertos,
1357 2663 1449 2712 cum

318 2751 536 2816 detrimento
560 2755 790 2816 caeterorum
819 2751 982 2834 gentium
1011 2752 1049 2815 in
1078 2753 1222 2816 clausos
1249 2769 1329 2816 esse
1356 2769 1448 2817 ver-

317 2857 459 2922 tendos.
704 2841 705 2844 ¹

407 2961 564 3026 Thouria
594 2963 801 3027 libertatem
832 2962 1079 3045 navigationis
1106 2963 1315 3028 fluviatioae
1343 2981 1448 3028 asse·

317 3085 402 3133 rens
420 3067 611 3132 hodiedum
629 3068 725 3150 apud
742 3069 860 3133 cultas
886 3075 1013 3150 gentes
1032 3069 1271 3134 communiter
1288 3077 1446 3152 recepta

319 3180 386 3256 est,
403 3175 510 3238 immo
529 3192 617 3238 vero
647 3192 668 3237 a
687 3173 892 3256 Congressu
909 3175 1107 3240 Viennensi
1126 3175 1212 3240 1815
1240 3175 1278 3240 in
1307 3175 1447 3257 princi-

318 3282 416 3364 pium
434 3289 557 3346 erecta
574 3281 653 3361 fuit,
670 3284 935 3363 proclamatum
954 3282 1071 3347 denuo
1089 3282 1210 3365 quoad
1234 3281 1448 3348 Danubium

319 3403 384 3469 per
402 3385 642 3479 congressum
658 3387 899 3452 Porisiensem
918 3388 1003 3452 1856
1019 3392 1055 3451 et
1073 3387 1215 3455 Foedus
1231 3387 1447 3454 Berolinen·

318 3509 357 3556 se
373 3491 469 3572 1878,
485 3510 528 3557 ao
546 3501 729 3573 postremo
748 3493 784 3556 in
800 3492 1003 3559 Collationo
1017 3493 1192 3559 Africana
1207 3494 1292 3559 1885
1309 3495 1448 3561 iterum

319 3600 544 3680 recognitum
562 3601 678 3663 relate
691 3599 738 3662 od
755 3600 903 3663 flumina
917 3599 1030 3682 Niger
1047 3605 1083 3664 et
1096 3597 1220 3683 Congo
1238 3601 1444 3683 appellato.

407 3704 463 3767 85.
512 3703 568 3768 Ad
592 3707 832 3770 commercium
863 3705 1149 3771 internetionale
1177 3707 1273 3789 quod
1296 3709 1444 3790 attinet,

319 3809 409 3875 illud
435 3811 542 3874 situm
561 3816 616 3874 est
634 3811 768 3893 passim
787 3813 824 3876 in
841 3812 1006 3894 emendo,
1026 3813 1219 3878 vendendo
1236 3817 1273 3878 et
1299 3831 1446 3895 permu-

320 3917 430 3982 tando
458 3934 515 3982 res
533 3933 576 3980 ac
593 3919 768 3998 pecunias
785 3918 879 3983 inter
897 3918 1064 3983 diversos
1079 3919 1214 3984 Status.
1235 3919 1314 3985 Hac
1331 3937 1447 4004 super

322 4041 359 4087 re
384 4023 454 4087 tria
471 4024 660 4106 generalia
688 4024 870 4107 principia
893 4041 974 4090 cum
1002 4025 1076 4090 suis
1102 4027 1341 4092 consectariis
1369 4032 1446 4092 sta-

319 4129 425 4194 bilire
443 4129 531 4194 satis
551 4131 609 4194 sit.

411 4235 468 4298 1¹¹ll
512 4235 746 4318 Principium:
765 4236 851 4318 Ipsa
876 4241 1008 4302 natura
1032 4239 1198 4304 nationes
1225 4239 1371 4304 ordinat
1390 4245 1445 4304 at·
