3062 4994
518 365 652 448 asnar
671 397 709 410 -

83 507 467 588 tatumadnecteretur,
497 525 696 592 earumque
722 509 894 593 Episcopi
922 527 994 574 non
1023 512 1180 594 amplius

77 616 287 699 personalem,
305 615 370 680 sed
382 616 512 681 reatem
527 616 741 698 dignitatem
767 618 998 702 obtinerent);
1014 637 1036 682 a
1052 637 1176 684 saecu·

82 721 110 784 lo
130 720 192 784 XV
205 721 248 786 ad
263 728 424 786 nostram
458 739 571 805 usque
589 728 747 788 aetatem
763 724 800 788 in
817 741 942 789 eorum
958 725 1077 790 locum
1107 727 1176 790 suf·

82 829 155 892 lecti
171 832 249 892 sunt
264 829 385 915 Legati
400 831 512 910 missi,
532 828 602 894 hoc
615 835 682 912 est,
703 828 908 897 Cardinclea
932 852 955 896 a
967 831 1075 896 latere
1091 833 1180 896 Pon-

22 995 23 1002 ,
82 935 170 1018 tifieis
196 936 301 1016 mirei,
334 939 445 1018 atque
474 936 600 1001 Nuntii
631 935 834 1020 Apostolior',
863 938 925 1018 qui
953 936 1050 1019 apud
1077 937 1182 1002 aulas

22 1033 23 1044 *
81 1041 186 1120 regias
200 1046 261 1105 aut
287 1045 433 1107 exteras
450 1043 617 1107 nationes
634 1043 839 1124 legatorum
862 1059 1011 1107 munere
1026 1045 1179 1125 lungun-

22 1203 23 1238 ,
84 1151 140 1228 tur,
158 1149 320 1230 quamvis
338 1167 361 1213 a
389 1147 538 1232 Legatis
557 1165 579 1212 a
597 1149 714 1213 latere
738 1149 776 1212 in
792 1149 913 1213 multis
937 1150 1114 1232 dignitate
1146 1158 1183 1214 et

22 1263 23 1336 ζ
82 1255 281 1319 auctoritate
310 1254 497 1338 differunt,
532 1255 584 1320 uti
613 1255 848 1338 Expositores
876 1255 975 1320 Juris
1008 1255 1181 1321 Canonioi

22 1339 24 1380 ⁵
83 1359 270 1442 ostendunt3
294 1361 328 1442 d)
354 1363 580 1445 organizatio
606 1363 783 1444 graduum
800 1363 1181 1447 quasi-episcopalium,

22 1515 23 1538 2
82 1470 131 1548 qui
161 1469 296 1550 pariter
324 1477 408 1533 suut
422 1469 672 1534 emanationes
700 1467 835 1532 Summi
862 1468 1109 1550 Pontificem,
1128 1473 1179 1532 ut·

82 1579 152 1653 pote
165 1574 371 1638 immediata
383 1575 535 1639 Romani
552 1575 736 1638 Pontificis
753 1575 971 1639 auctoritate
984 1574 1183 1654 constituti,

22 1709 24 1772 3
82 1679 225 1762 siveper
242 1681 387 1745 modum
418 1682 643 1764 exceptionis
661 1689 749 1762 puta
773 1681 935 1746 Praelati
959 1681 1091 1746 nullius
1121 1689 1185 1744 aut

22 1779 23 1838 ἐ
83 1805 146 1850 rere
172 1788 463 1852 ardtiasnomine
495 1789 618 1870 Papae
646 1787 936 1868 Jurisdictionem
954 1793 1182 1867 exercentes,

22 2015 24 2062 t
84 1998 278 2080 Apostolici,
297 1999 358 2083 qui
374 2005 555 2082 potestate
572 2019 594 2064 a
608 2001 783 2064 Pontiflce
797 2000 969 2082 delegata
982 2001 1186 2082 procedunt

84 2103 211 2170 iulocis
227 2106 449 2187 ldissionum,
484 2125 564 2172 cum
584 2106 700 2170 eidem
721 2111 860 2171 tantum
885 2109 1070 2188 competat
1099 2125 1184 2189 apo·

85 2207 221 2274 stolatus
252 2229 315 2275 seu
345 2211 404 2293 jus
429 2211 670 2294 Evangelium
694 2211 899 2275 infidelibus
932 2211 1183 2294 praedicandi,

22 2325 24 2392 ξ
90 2316 115 2392 ⁰)
128 2318 347 2399 organizatio
364 2318 542 2400 graduum
559 2319 936 2403 infra-episcopalium,
954 2318 1015 2401 qui
1034 2325 1187 2400 possunt

22 2397 24 2488 ἶ
86 2437 149 2486 esse
163 2429 200 2488 et
217 2425 435 2506 regulariter
447 2430 532 2488 sunt
555 2424 802 2488 derivationes
828 2424 1020 2506 potestatis
1046 2425 1184 2506 episco-

22 2493 24 2588 ἶ
85 2528 172 2608 palis3
191 2533 324 2595 etenim
342 2535 505 2613 potestas
518 2530 783 2612 jurisdictionis
799 2529 962 2612 delegari
980 2529 1082 2594 valet
1108 2534 1183 2594 tum

22 2613 24 2732 ᾗ
87 2638 310 2716 transeunter,
326 2644 401 2701 tum
418 2637 611 2718 stabiliter,
630 2642 741 2719 atque
756 2637 792 2700 in
807 2637 969 2718 qualibet
993 2653 1189 2701 numerosa

22 2735 24 2850 j
86 2741 242 2806 societate
260 2743 378 2806 locum
394 2743 504 2808 babet
519 2743 714 2825 delegatio,
730 2747 770 2806 ut
783 2743 820 2806 in
833 2743 994 2824 ejusdem
1011 2743 1187 2823 regimine

22 2851 24 2922 t
87 2849 115 2907 et
127 2847 434 2914 administratione
447 2855 569 2914 rectus
587 2850 674 2914 ordo
692 2854 872 2914 servetur.

158 2953 210 3019 90.
258 2953 316 3019 Ex
341 2960 524 3038 potestate
552 2956 741 3021 Ecclesiae
774 2956 1011 3036 organizandi
1045 2957 1185 3020 territo·

88 3055 163 3123 rium
178 3079 265 3126 suae
279 3062 524 3144 jurisdictioni
553 3064 754 3146 subjectum
772 3064 882 3145 plane
900 3065 1133 3146 consequitur
1160 3064 1187 3126 i·

88 3166 130 3242 psi
154 3168 381 3234 tribuendum
413 3171 561 3251 esseJus
593 3171 739 3235 insitum
770 3175 807 3234 et
822 3169 976 3234 liberum
990 3170 1187 3252 specialem

89 3278 380 3354 organisationem
394 3277 626 3360 impertiendi
655 3278 875 3360 quibuslibet
891 3277 1070 3358 religiosis
1085 3275 1187 3339 adso-

89 3378 298 3465 ciationibus,
317 3385 534 3466 praesertim
551 3403 640 3450 vero
659 3383 854 3450 Ordinibus
866 3383 1117 3465 Regularibus.

151 3489 194 3554 Et
209 3509 248 3556 re
263 3491 408 3574 quidem
418 3509 520 3575 vera,
539 3492 793 3574 adReligiosos
812 3490 908 3573 quod
925 3490 1068 3572 attinet,
1083 3507 1189 3554 nemo

90 3595 235 3669 prolecto
247 3598 469 3663 inficiabitur
495 3599 806 3681 organisationem
835 3597 1078 3680 Regularium,
1095 3613 1189 3678 quae

91 3701 182 3767 misto
197 3709 440 3788 nuncupatur,
456 3705 492 3769 id
509 3710 576 3786 est,
592 3703 824 3769 territorialis
841 3709 878 3768 et
890 3703 1107 3786 personalis,
1124 3702 1188 3766 Ec·

90 3803 205 3875 ctesias
221 3811 330 3892 plene
356 3819 393 3876 et
409 3811 574 3876 absolute
606 3817 827 3892 competere,
861 3811 996 3893 quippe
1024 3809 1190 3873 Summus

90 3907 239 3981 Pontifex
254 3922 374 4000 potest
391 3917 473 3982 illos
490 3925 526 3983 et
550 3919 811 3984 territortatiter
842 3917 879 3982 in
896 3916 1107 4000 provincias
1138 3913 1189 3977 di·

91 4021 253 4088 atribuere
268 4042 416 4108 prorsus
440 4025 630 4093 distinctas
647 4029 684 4089 et
712 4025 897 4106 sejunctas
925 4021 1190 4088 acircumscri·

92 4126 199 4202 ptione
214 4129 438 4214 dioeceseon,
458 4137 495 4196 et
509 4131 658 4214 iusuper
668 4129 904 4216 personaliter·
921 4129 1081 4194 eximere
1099 4145 1121 4191 a
1135 4127 1187 4208 jn·

91 4231 284 4304 risdictione
311 4237 586 4322 Episcoporum,
636 4235 688 4302 ita
716 4241 755 4302 ut
783 4235 998 4320 Superiores
1029 4236 1190 4318 ipsorum
