3028 4992
533 371 712 430 -313-

68 513 349 594 jusprsevalens
366 491 752 598 atque'praeveniens,
764 513 836 579 hoc
853 519 920 597 est,
943 513 990 578 ad
1021 515 1184 597 aliquam

70 619 315 684 auctoritatem
329 621 568 703 superiorem,
587 639 680 704 quae
699 621 856 704 modum,
876 621 1041 686 ordinem
1059 625 1096 686 et
1125 622 1183 686 de-

69 726 230 791 cisionem
248 727 287 790 in
311 727 411 792 hisce
435 729 708 810 quaestionibus
733 728 962 811 Principibus
992 729 1184 794 catholicis

70 831 249 913 imponere
269 831 426 896 valeret.

144 937 190 1002 lot
206 956 313 1019 sane,
330 938 534 1021 huiuamodi
550 939 620 1004 fuit
637 939 838 1004 auctoritas
862 938 1062 1018 Ecclesiae,
1089 955 1184 1020 quae

68 1040 178 1123 aliquo
191 1044 263 1108 sub
280 1049 448 1126 respectu
480 1045 647 1126 superior
673 1044 801 1108 haberi
834 1043 943 1108 debet
973 1044 1184 1108 nationibus

67 1147 269 1215 christianis
286 1152 323 1215 in
339 1152 428 1234 ipsis
442 1152 702 1234 temporalibus
716 1153 886 1232 negotiis,
902 1152 988 1216 licet
1001 1153 1182 1232 indirecte,

68 1255 247 1337 videlicet,
281 1264 459 1340 quatenus
498 1275 558 1322 res
590 1259 782 1340 religiosas
815 1259 1028 1340 respiciunt,
1059 1250 1185 1340 eisque

68 1361 235 1440 prodesse
249 1371 314 1428 aut
327 1381 461 1428 nocere
474 1370 622 1446 queunt3
636 1375 681 1428 en
694 1363 839 1446 quldem
853 1363 1183 1449 adaequataexpli·

68 1467 153 1532 catio
171 1479 210 1532 et
239 1469 414 1534 historica
431 1471 533 1552 origo
549 1471 830 1535 interventionis
848 1470 1057 1552 pontificiae
1074 1471 1183 1550 pluri·

67 1571 124 1636 bus
139 1575 177 1638 in
189 1576 352 1640 casibus:
371 1575 607 1640 Successores
638 1577 677 1641 B.
714 1576 812 1640 Petri
844 1593 1051 1657 supremam
1081 1591 1184 1638 suam

67 1685 280 1758 potestatem
296 1683 334 1746 in
347 1683 403 1748 his
416 1683 618 1766 privilegiis
637 1683 857 1764 elargiendis
882 1683 943 1746 vel
975 1683 1095 1764 potius
1124 1680 1184 1746 de·

68 1786 245 1854 clarandis
266 1789 370 1854 modo
388 1789 566 1854 indirecto
583 1808 695 1872 saepe
712 1779 933 1854 exeruerunt
962 1807 1029 1870 pro
1062 1788 1185 1871 aequi-

68 1897 135 1958 tate
149 1897 315 1960 naturali
339 1896 549 1977 sancienda,
568 1896 605 1960 in
622 1896 755 1960 bonum
769 1894 991 1959 christianae
1016 1894 1118 1974 pacis
1150 1895 1187 1957 et

69 1997 108 2062 ad
129 2000 229 2066 bella
245 2003 342 2066 inter
355 2003 554 2067 catholicos
570 2002 759 2084 Principes
784 1999 1069 2084 praepediendo.

147 2107 202 2169 3.⁰
251 2107 418 2189 Denique
449 2107 596 2190 quidam
613 2125 719 2172 casus
748 2106 966 2188 peculiares,
985 2105 1021 2168 in
1054 2103 1185 2185 quibus

71 2210 180 2276 elucet
196 2214 372 2278 salutaris
386 2213 629 2278 Romanorum
643 2213 857 2278 Pontificum
870 2213 1112 2290 interventus,
1129 2225 1184 2272 re·

70 2325 120 2381 cte
134 2321 317 2402 explicari
336 2331 472 2404 queunt
503 2339 550 2385 ox
579 2321 800 2385 solemnibus
831 2317 1062 2400 pactionibus
1090 2317 1186 2380 inter

71 2423 159 2504 ipsas
176 2427 400 2494 christianas
416 2427 583 2492 nationes
598 2427 710 2507 initis,
730 2443 774 2490 uc
790 2423 943 2507 proinde
960 2420 1094 2487 Christi
1126 2421 1185 2484 Vi·

72 2533 152 2596 carii
186 2551 256 2596 sua
288 2535 507 2598 auctoritate
543 2551 587 2598 ac
611 2550 782 2614 suprema
810 2529 1063 2594 declaratione
1094 2527 1187 2592 nihil

72 2637 159 2703 aliud
177 2647 346 2722 egerunt,
365 2659 473 2723 quam
483 2641 568 2721 jnra
582 2646 618 2705 et
636 2639 756 2704 officia
783 2635 1083 2702 internetionalia
1111 2652 1185 2698 ma·

69 2742 132 2822 jori
148 2747 322 2812 firmitate
338 2748 495 2812 sancire.

150 2852 221 2918 Pro
239 2853 310 2918 hac
327 2851 646 2918 animadversione
675 2847 949 2915 corroboranda
965 2849 1002 2912 in
1027 2847 1186 2912 brevita-

74 2955 111 3020 tis
127 2960 341 3043 obsequium
359 2960 429 3024 tria
447 2965 588 3024 tantum
619 2957 809 3039 potissima
840 2957 939 3020 facta
973 2952 1185 3018 memorabi-

73 3079 153 3130 mus:
171 3067 202 3146 ⁸)
217 3065 308 3132 Cum
321 3085 417 3131 anno
436 3067 523 3131 1452
540 3067 634 3130 inter
652 3064 877 3146 Alphonsum
891 3061 922 3125 V
939 3059 1188 3140 Portugalliae

74 3175 105 3234 et
118 3171 316 3239 Henricum
328 3173 379 3238 IV
397 3173 579 3240 Castellae
591 3189 715 3252 regem
737 3169 856 3252 pactio
873 3167 1000 3231 hahita
1023 3169 1131 3244 esset,
1150 3165 1188 3228 in

73 3285 367 3356 quaconventum
377 3288 432 3344 est
444 3279 583 3344 insulas
597 3276 773 3342 Canariae
788 3277 866 3339 sive
880 3275 956 3354 Jam
975 3275 1186 3352 occupatas,

74 3382 196 3452 sivein
212 3392 399 3469 posterum
418 3383 651 3466 occupandas
664 3382 734 3446 sub
753 3381 828 3445 alto
846 3378 1003 3444 dominio
1022 3375 1189 3440 Coronae

75 3488 250 3560 Castellae
264 3499 493 3558 asservatum
510 3491 568 3568 iri;
589 3491 783 3554 vicoversa
800 3493 922 3551 autem
939 3483 1105 3549 Coronae
1122 3481 1188 3546 Lu-

74 3597 220 3666 sitaniae
237 3598 502 3681 adiudicandas
517 3613 641 3660 omnes
659 3601 777 3659 terras
810 3593 973 3657 detectae
1002 3589 1063 3655 vel
1091 3587 1190 3652 dete-

75 3707 202 3782 gendas
235 3708 273 3772 in
307 3704 523 3772 continente
567 3702 755 3780 Africano,
808 3699 973 3764 Summus
1020 3695 1190 3760 Pontifex

74 3807 237 3878 Nicolaus
265 3812 297 3878 V
330 3811 387 3876 die
413 3811 434 3876 9
460 3811 544 3876 Jan.
579 3828 638 3874 un.
670 3809 757 3874 1454
794 3805 979 3872 Lusitanis
1009 3803 1192 3868 concessit

76 3921 276 3996 praedictas
309 3918 458 3982 Africae
490 3924 622 3998 terras,
653 3915 809 3980 caeteris
840 3912 1062 3977 interdicens
1097 3927 1190 3973 com·

77 4027 240 4092 mercium
282 4041 466 4090 armorum
508 4037 590 4086 cum
621 4019 764 4102 populis
792 4016 984 4098 indigenis,
1016 4015 1085 4078 nisi
1120 4015 1191 4095 ipsi

78 4126 234 4198 Lusitani
251 4147 427 4214 expresse
459 4128 703 4211 permiserint;
723 4143 770 4190 ex
792 4141 862 4206 quo
891 4123 1001 4205 plane
1036 4121 1193 4186 infertur

80 4236 488 4316 ejusmodiPontiflciam
512 4234 737 4300 sanctionem
754 4229 874 4313 quoad
900 4234 1083 4294 terrarum
1114 4247 1192 4294 ooa-
