3038 4994
787 349 965 410 -272-

312 491 544 574 abrumpere,
566 491 717 574 ejusque
744 491 927 575 publicam
951 492 1273 576 reprehensionem
1300 492 1450 558 mereri
1513 523 1514 570 γ

312 598 421 662 veriti
439 616 511 663 non
531 603 627 680 sunt,
647 599 842 662 manifesta
855 597 1041 678 Ecclesiae
1058 599 1205 682 injuria,
1224 600 1368 682 ingenti
1389 617 1453 664 re·
1513 661 1514 672 ,

311 705 457 786 ligionis
488 703 651 786 pernicie
675 707 712 768 et
726 704 943 786 gravissimo
971 705 1096 788 populi
1126 705 1315 770 christiani
1332 723 1451 769 scan-
1513 699 1514 784 ζ

311 809 408 890 dalo;
428 809 509 874 sive
533 809 676 874 demum
705 810 751 874 ob
778 811 970 892 pecuniam
998 811 1082 874 falsi
1100 812 1237 876 valoris
1266 812 1452 876 emissam
1513 839 1514 848 ¹

312 919 441 981 contra
458 917 664 980 naturalem
683 917 904 999 aequitatem
922 921 959 981 et
974 923 1113 982 rectam
1136 917 1302 998 Justitiae
1322 920 1450 982 notio·
1513 913 1514 942 ⁴

311 1039 407 1104 nem,
427 1022 523 1104 quod
541 1023 685 1105 quidem
715 1023 880 1087 nonnulli
908 1023 1096 1106 Principes
1120 1023 1237 1089 dolosi
1264 1024 1302 1087 in
1327 1025 1449 1088 detri·
1513 1045 1514 1052 ¹

312 1133 473 1193 mentum
498 1129 685 1194 societatis
710 1131 829 1194 civilis
857 1135 1072 1212 perpetrare
1100 1131 1223 1213 inique
1239 1131 1321 1195 ausi
1339 1139 1447 1212 sunt,
1513 1151 1514 1154 ¹

312 1236 447 1316 punica
470 1235 541 1300 fide
565 1243 716 1317 agentes
732 1236 957 1318 populosque
975 1236 1194 1318 deridentes,
1213 1253 1257 1302 ac
1280 1236 1448 1318 proinde

313 1341 449 1423 optimo
474 1343 557 1422 jnre
585 1342 683 1424 digni
711 1342 826 1406 habiti
857 1347 941 1406 suut
970 1361 1178 1426 supremum
1206 1343 1448 1407 auctoritatis

313 1448 523 1530 pontificiae
537 1447 712 1530 judicium
729 1449 863 1530 subire,
884 1455 921 1513 et
936 1450 1106 1531 stigmate
1125 1450 1247 1530 Justae
1264 1450 1448 1532 reproba·
1513 1481 1514 1518 r

312 1555 421 1620 tionis
437 1555 534 1638 apud
551 1573 676 1620 omnes
693 1561 821 1638 gentes
838 1556 944 1620 inuri.

404 1661 479 1724 156.
528 1660 584 1725 Ex
612 1661 811 1744 praejactis
844 1666 971 1744 aperte
1007 1661 1190 1744 colligitur
1229 1661 1448 1726 Ecclesiam
1513 1663 1514 1730 ζ

312 1771 496 1848 potestate
506 1766 685 1830 indirecta
698 1767 858 1848 gaudere
868 1767 1184 1832 animadvertendi
1198 1767 1235 1831 in
1248 1766 1448 1849 Principes

313 1890 448 1956 eoaque
464 1873 686 1938 salutaribus
701 1875 827 1956 poenis
845 1873 1041 1955 plectendi;
1060 1878 1223 1937 attamen
1238 1871 1308 1937 hac
1328 1891 1447 1955 super
1513 1887 1514 1898 *

312 1997 353 2044 re
371 1979 543 2062 distingui
561 1985 706 2062 oportet
719 1981 778 2060 jus
792 1980 838 2044 ab
855 1980 1031 2044 exercitio
1041 1980 1147 2061 Juris:
1163 1979 1369 2066 quoadjas,
1386 1998 1445 2043 ra·

312 2088 377 2168 tio,
396 2087 604 2169 pontificiae
622 2087 898 2151 constitutiones
912 2091 1022 2168 atque
1036 2086 1192 2168 ipsamet
1204 2085 1374 2166 historia,
1392 2087 1445 2149 uti

312 2209 430 2274 nuper
447 2192 788 2274 demonstravimus,
807 2193 913 2256 simul
930 2193 1144 2274 conspirant
1160 2193 1198 2256 in
1211 2191 1443 2256 vindicanda
1513 2235 1514 2272 ,

312 2298 501 2364 Ecclesiae
518 2299 721 2380 hujusmodi
739 2300 926 2380 facultate3
946 2299 992 2362 ad
1011 2299 1215 2363 exercitium
1234 2316 1322 2364 vero
1345 2299 1444 2380 juris

312 2406 408 2487 quod
426 2407 568 2486 attinet,
588 2405 802 2470 monendum
820 2423 900 2469 esse
926 2405 1088 2470 ducimus
1121 2403 1342 2468 catholicam
1372 2405 1441 2468 Ec·

312 2513 462 2576 clesiam
480 2517 590 2595 atque
606 2511 769 2576 Summos
785 2511 991 2593 Pontifices,
1011 2510 1145 2576 Christi
1173 2511 1211 2575 in
1239 2512 1349 2575 terris
1382 2512 1444 2576 Vi·
1513 2527 1514 2586 l

313 2619 446 2700 carios,
464 2618 611 2682 assidua
624 2618 872 2683 moderatione
886 2635 930 2682 ac
942 2618 1120 2700 singulari
1133 2616 1330 2700 prudentia
1346 2635 1442 2682 sem·
1513 2675 1514 2710 ,

312 2741 380 2806 per
397 2742 479 2788 usos
496 2725 771 2808 fuissopropter
795 2743 965 2808 magnam
989 2725 1237 2791 reverentiam
1261 2727 1442 2791 eminenti
1513 2751 1514 2764 2

312 2830 449 2912 Regum
467 2837 503 2896 et
515 2831 722 2915 Principum
740 2833 950 2897 auctoritati
968 2833 1142 2914 debitam;
1161 2839 1199 2897 et
1228 2833 1260 2898 si
1289 2834 1441 2916 quando
1513 2837 1514 2924 l

313 2938 479 3002 severius
511 2943 675 3019 egerunt,
707 2939 888 3006 duriorem
920 2940 1075 3005 formam
1107 2939 1282 3005 adhibere
1317 2939 1440 3005 coacti
1513 2941 1514 3018 ζ

313 3048 409 3124 sunt,
428 3061 519 3108 vera
537 3047 573 3107 et
589 3044 784 3126 imperiosa
799 3047 1018 3112 necessitate
1034 3047 1193 3129 impulsi,
1208 3047 1269 3112 vel
1284 3046 1332 3110 ob
1349 3046 1439 3110 deli·

313 3155 373 3216 cta
388 3151 536 3233 privata
549 3151 746 3215 enormiter
759 3152 990 3234 scandaloso,
1005 3153 1066 3216 vel
1080 3153 1126 3217 ob
1141 3152 1275 3218 delicta
1288 3152 1439 3234 publica

313 3257 497 3322 honestati
511 3275 649 3321 morum
666 3259 864 3340 contraria,
890 3258 1053 3323 ordinem
1084 3259 1258 3324 socialem
1284 3260 1438 3324 subvor·

312 3365 440 3445 tentia,
458 3369 521 3428 aut
532 3363 698 3446 generali
711 3364 926 3446 populorum
942 3365 1037 3429 bono
1054 3365 1176 3430 noxia.

401 3471 543 3536 Deinde
563 3470 760 3536 notandum
789 3477 844 3536 est
874 3473 991 3536 relate
1023 3472 1070 3536 ad
1103 3473 1330 3554 punitionem
1364 3489 1440 3536 non
1513 3447 1514 3512 Ὗ

312 3594 438 3641 omnes
455 3595 592 3658 poenas
609 3577 748 3659 pariter
763 3593 807 3642 ac
822 3577 1137 3642 indiscriminatim
1152 3577 1336 3661 applicari
1354 3595 1438 3660 pos·
1513 3553 1514 3644 l

312 3698 353 3745 se
366 3681 593 3764 Principibus
609 3683 647 3746 in
675 3683 852 3747 altissima
883 3684 1053 3766 dignitati
1081 3683 1292 3750 constitutis
1326 3689 1439 3766 atque

310 3787 480 3870 privatis,
499 3789 560 3870 qui
576 3787 727 3869 hujusce
745 3789 1033 3871 praeeminentia
1049 3794 1190 3871 carent;
1217 3789 1351 3855 exinde
1372 3789 1438 3854 Ec·

312 3893 426 3958 clesia
442 3895 480 3957 in
495 3894 687 3976 puniendis
698 3893 928 3978 Principibus
941 3897 1186 3979 poenitentias
1209 3901 1322 3980 atque
1354 3913 1437 3962 cen·

312 4016 431 4080 suras,
449 4016 544 4081 quae
561 3999 608 4064 ad
638 4001 883 4083 poenitentias
908 4001 1161 4085 suscipiendas
1190 4002 1436 4085 obstringunt,
1513 4013 1514 4074 l

312 4104 434 4186 potius
448 4104 592 4188 inflixit,
611 4124 719 4189 quam
732 4124 842 4172 veras
857 4111 894 4172 et
925 4109 1073 4192 proprie
1101 4107 1220 4174 dictas
1247 4109 1436 4176 coercitio·

311 4225 392 4292 nes;
408 4210 541 4274 etenim
555 4229 696 4294 poenae
712 4213 787 4279 vim
803 4215 1009 4280 coactivam
1026 4215 1217 4298 exigentes
1244 4214 1282 4282 iu
1298 4215 1437 4282 Princi-
