3038 4994
482 369 715 428 --239-

153 511 229 576 139.
279 511 384 576 Ratio
394 513 567 598 juridica.
585 511 656 578 Sed
674 529 748 576 non
772 511 890 578 minus
919 511 1095 578 radicitus
1113 529 1189 576 cor-

76 617 137 679 ruit
165 617 442 682 iundamentum
456 618 665 701 J'uridicum,
684 617 781 700 quod
809 618 856 682 ad
887 617 1124 684 sanciendum
1154 621 1191 682 et

75 724 265 804 legitimum
283 725 506 790 reddendum
536 726 654 808 plebis
682 726 900 808 suffragium
916 725 1054 789 inimici
1082 725 1189 807 regni

74 829 242 896 Pontificii
259 833 397 897 frustra
413 833 578 915 allegare
595 837 851 914 consuescunt;
885 831 1039 914 legitimi
1056 831 1189 914 princi·

73 944 178 1018 patus,
192 947 466 1022 prosequuntur
482 941 631 1004 sectarii
649 957 846 1022 eorumque
859 941 1036 1020 lautores,
1052 937 1189 1020 optimo

73 1044 141 1124 jure
158 1047 281 1110 everti
299 1052 451 1128 possunt
469 1047 684 1128 populorum
704 1047 908 1110 voluntate.

148 1151 197 1214 At
210 1151 390 1233 ejusmodi
406 1152 621 1233 principium
636 1153 831 1217 manifesta
844 1152 1006 1216 falsitate
1031 1151 1188 1231 laboras

72 1255 146 1320 licet
163 1257 261 1322 euim
277 1259 432 1340 populus
451 1258 612 1340 legitime
630 1258 825 1340 disponere
853 1260 968 1341 possit
984 1257 1028 1322 de
1055 1257 1189 1322 Princi-

72 1370 242 1444 patucum
261 1375 386 1447 vacat,
406 1373 443 1430 et
459 1385 540 1431 earn
558 1367 695 1448 eligere
719 1367 886 1450 gubernii
914 1367 1068 1431 sormam
1095 1383 1191 1448 quae

72 1471 130 1548 ipsi
147 1473 267 1554 magis
286 1473 446 1555 placeat,
480 1493 553 1538 uon
581 1482 703 1540 tamen
718 1477 801 1557 jure
833 1474 973 1556 gaudet
999 1471 1191 1538 evertendi

71 1575 313 1660 Principetum
327 1579 440 1644 semel
454 1581 615 1663 legitime
631 1582 879 1645 constitutum.
895 1580 1190 1663 Equidempopu·

71 1682 117 1746 lus
135 1685 242 1764 liber,
262 1701 305 1749 oo
324 1686 420 1766 quod
437 1686 606 1768 Principe
624 1689 685 1752 vel
713 1686 857 1752 Summo
883 1687 1113 1752 Moderatoro
1130 1703 1189 1750 ca·

71 1795 152 1870 1111,
173 1794 299 1872 potest
313 1792 374 1856 vel
388 1791 458 1854 sibi
475 1793 634 1856 retinere
648 1809 855 1874 supremam
870 1796 1103 1874 potestatem,
1122 1791 1190 1855 etsi

71 1898 285 1978 exercitium,
296 1896 453 1979 deleget,
469 1899 530 1962 vel
547 1915 628 1962 eam
646 1900 847 1964 transferre
861 1899 1110 1963 conditionate
1127 1903 1191 1962 aut

72 2001 242 2083 absolute;
263 2021 359 2068 nunc
375 2021 478 2086 vero,
508 2005 652 2087 quando
683 2006 830 2086 eiigitur
855 2007 975 2069 forma
1002 2004 1191 2086 regiminis

72 2109 312 2192 monarchica,
331 2117 441 2192 atque
458 2111 607 2193 insuper
633 2111 802 2194 dignitati
830 2116 1033 2193 perpetuae
1063 2109 1190 2190 alliga·

73 2219 120 2278 tur
136 2217 201 2295 (uti
229 2215 369 2280 iactum
386 2217 494 2282 estin
519 2215 611 2282 Sede
640 2217 866 2298 Apostolica,
888 2235 968 2281 cum
996 2215 1190 2280 Pontifices

71 2321 138 2384 sive
166 2323 215 2386 ab
233 2323 325 2386 urbe
341 2323 466 2414 Roma,
485 2325 564 2388 sive
593 2343 616 2386 a
640 2324 800 2388 finitimis
817 2323 1028 2390 civitatibus
1046 2321 1190 2402 procla·
1227 2383 1230 2392 ,

72 2429 148 2492 mati
164 2433 203 2492 et
219 2429 337 2510 agniti
354 2430 457 2494 fuere
475 2430 635 2512 supremi
652 2429 797 2494 Domini
814 2435 850 2493 et
867 2430 946 2494 veri
969 2427 1187 2508 Principes),¹

71 2536 146 2598 tunc
162 2535 333 2617 proiecto
352 2535 507 2617 populus
523 2553 730 2617 supremam
755 2541 864 2618 atque
881 2533 1189 2616 independentem

72 2643 319 2706 auctoritatem
337 2643 480 2706 confert
497 2643 635 2724 absque
649 2643 724 2706 ulla
738 2641 958 2720 conditione,
978 2639 1084 2704 modo
1101 2639 1190 2703 irre·

71 2747 236 2827 vocabili,
255 2763 301 2810 ac
331 2746 485 2828 proinde
517 2765 590 2811 non
619 2747 775 2828 amplius
804 2746 836 2810 ei
866 2747 952 2810 licet
982 2745 1189 2822 dissentire,

71 2853 320 2916 auctoritatem
338 2850 455 2916 denuo
480 2851 736 2916 transferendo
754 2869 818 2916 seu
835 2869 970 2916 novum
996 2850 1190 2932 potcstatis

71 2959 211 3022 11111111
230 2958 434 3040 subjectum
452 2957 677 3040 designando
695 2957 755 3042 (1).

148 3064 243 3129 Inde
271 3065 505 3147 consequitur
534 3065 806 3145 dissentionem,
837 3063 1103 3144 sejunctionem
1129 3061 1190 3124 vel

70 3171 302 3238 rebellionem
319 3171 448 3254 Populi
464 3171 617 3236 Romani
630 3178 932 3252 caeterorumque
948 3169 1009 3252 qui
1026 3169 1191 3233 Ditiones

70 3273 347 3344 Ecclesiasticus
361 3279 644 3358 constituebant,
660 3278 868 3341 nullatenus
884 3276 1070 3340 infirmare
1084 3291 1191 3356 posse

69 3380 338 3465 legitimitatem
351 3384 373 3448 J
376 3385 450 3448 uris
466 3385 646 3450 Pontificii
659 3391 722 3448 aut
738 3388 907 3450 evertere
938 3381 1083 3445 civilem
1102 3377 1191 3443 San-

70 3493 146 3556 ctae
161 3491 269 3558 Sedis
287 3491 553 3574 Principatum.

71 3677 252 3691 -———--—-

132 3843 171 3905 (1)
210 3841 282 3896 Cum
296 3841 467 3908 absolutam,
480 3839 592 3894 firmem
604 3855 637 3894 ac
649 3839 863 3894 irrevocabilem
889 3853 1025 3892 vocamus
1044 3837 1192 3890 transmis-

71 3911 174 3965 sionem
189 3915 342 3980 potestatis
355 3928 372 3965 1
392 3913 498 3980 populo
517 3913 632 3978 iactam,
645 3913 786 3980 loquimur
797 3911 828 3963 in
841 3926 929 3964 sensu
943 3915 1052 3962 tantum
1060 3905 1191 3974 juridico,

70 3993 130 4032 1111
138 3983 263 4050 practice
286 3983 512 4048 subintelligitur
535 3999 650 4050 semper
670 3982 808 4036 naturalis
830 3986 859 4034 11
877 3981 1040 4033 necessaria
1064 3978 1191 4030 conditio

72 4055 148 4116 (quae
159 4055 191 4107 in
203 4071 234 4109 re
246 4061 346 4109 nostra
359 4058 452 4108 iocum
464 4069 523 4107 non
535 4053 654 4122 obtinet,
674 4057 773 4120 utpote
792 4053 974 4119 Apostolicaa
990 4047 1056 4102 sedi
1069 4053 1098 4102 et
1111 4047 1190 4103 (11111-

73 4123 105 4172 111
119 4124 239 4180 vicariis
258 4131 359 4194 aperte
381 4127 541 4192 injuriosa),
553 4125 642 4178 donec
665 4125 828 4192 subjectum
848 4123 1031 4189 designatum
1054 4135 1190 4187 suprema

72 4197 236 4250 auctoritate
247 4202 325 4250 recte
338 4201 442 4258 utatur,
455 4199 541 4262 atque
553 4198 583 4248 in
595 4197 812 4264 oppressionem
825 4195 995 4262 populorum
1019 4207 1072 4245 seu
1097 4197 1192 4259 tyran-

73 4264 131 4317 nice
148 4281 213 4321 eam
225 4267 393 4334 neutiquam
404 4271 545 4320 exerceat.
794 4265 796 4272 '
