3062 4994
777 394 956 452 -104-

303 534 439 600 Summi
455 534 640 600 Pontificis
655 535 709 601 Pii
724 536 805 618 VII,
825 541 934 619 atque
951 537 989 602 in
1005 536 1193 620 Hispania,
1212 537 1426 618 postulante

306 639 490 706 Gubernio
515 642 702 708 Elisabeth
718 643 766 724 11,
785 661 851 726 per
878 643 1063 708 decretum
1081 644 1134 708 Pii
1150 643 1202 708 IX
1227 644 1285 708 die
1301 643 1322 706 2
1339 643 1431 707 Maii

306 747 391 812 1867
419 749 640 830 expeditum.
659 753 685 828 ο)
702 749 925 814 Intrusiones
955 749 1192 833 quorumdam
1221 751 1331 814 etiam
1363 767 1429 832 gu·

303 854 524 936 herulorum,
545 873 640 939 quae
668 856 934 936 Regalistarum
963 856 1196 939 praeJudiciis
1224 856 1365 921 imbuta
1391 861 1431 921 et

303 963 370 1026 sub
396 969 591 1044 praetextu
608 979 697 1028 vere
713 963 919 1046 pharisaico
935 961 1151 1044 invigilandi
1168 963 1337 1044 publicae
1363 963 1430 1027 ho·

304 1071 440 1134 nestati
471 1069 734 1151 prohibuerunt
765 1069 947 1152 aliquibus
963 1069 1074 1150 horis,
1089 1069 1287 1152 praecipue
1302 1073 1431 1134 autem

304 1177 491 1240 matutinis
517 1177 577 1240 vel
604 1177 804 1256 nocturnis,
824 1175 952 1257 peragi
979 1193 1104 1240 sacras
1133 1176 1337 1240 functiones
1364 1182 1432 1240 aut

304 1282 512 1364 praedicari
530 1283 683 1348 verbum
696 1281 776 1346 Dei.
792 1281 860 1346 Pro
879 1282 948 1346 hac
961 1283 1197 1364 usurpatione
1211 1283 1431 1364 propulsan-

305 1389 352 1454 da
370 1390 458 1453 satis
476 1391 545 1454 erit
561 1391 598 1454 in
615 1389 825 1454 memoriam
842 1405 1032 1454 revocare:
1051 1387 1079 1468 ⁸)
1097 1390 1305 1470 primaevos
1333 1387 1431 1452 chri-

305 1499 444 1562 stianos
472 1498 635 1580 integras
652 1497 763 1561 etiarn
792 1501 917 1560 noctes
936 1495 1110 1576 vigilasse
1128 1495 1174 1558 ad
1203 1493 1431 1559 celebranda

304 1604 481 1686 mysteria
498 1603 559 1667 vel
576 1603 769 1668 illustrium
798 1609 998 1684 martyrum
1015 1602 1182 1667 heroicas
1199 1601 1354 1664 virtutes
1373 1617 1430 1666 re·

306 1711 492 1790 colendas3
510 1707 536 1790 b)
554 1709 700 1776 civilem
716 1711 972 1774 auctoritatem
989 1715 1091 1772 actus
1109 1709 1298 1790 religiosos
1326 1707 1430 1772 nullo

305 1823 414 1900 pacto
433 1817 653 1880 interdicere
670 1833 790 1898 posse,
807 1817 1022 1898 quicumque
1040 1815 1173 1878 abusus
1186 1819 1429 1896 supponatur,

306 1923 391 2006 quia
409 1923 443 1987 ei
459 1940 531 1986 non
545 1923 719 2005 competit
736 1923 780 1986 de
797 1939 837 1987 re
854 1921 1035 2004 spirituali
1049 1921 1216 2002 judicare
1229 1919 1290 1983 vel
1308 1920 1433 2001 legem

305 2032 415 2110 ferre;
434 2032 459 2114 ⁰)
488 2027 676 2093 Ecclesiae
701 2029 931 2092 commissum
959 2033 1015 2092 est
1032 2045 1159 2091 munus
1183 2026 1432 2109 cognoscendi

306 2153 350 2200 ac
369 2135 580 2200 removendi
609 2135 730 2200 omnia
746 2151 840 2217 quae
864 2136 901 2198 in
927 2135 1042 2198 sacris
1068 2133 1287 2216 peragendis
1318 2132 1432 2197 hone-

305 2243 392 2306 stati
410 2243 579 2324 publicae
596 2243 744 2306 officere
760 2243 922 2306 valeant.

394 2349 449 2412 56.
498 2347 550 2412 3.⁰
568 2347 675 2412 Circa
691 2349 828 2413 modam
857 2347 1023 2411 Ecclesia
1049 2350 1232 2429 potestate
1248 2345 1433 2411 instructa
1527 2429 1528 2444 χ

306 2463 361 2520 est
376 2457 542 2542 objectam
559 2456 676 2520 cultus
690 2455 826 2538 publici
840 2453 1118 2536 determinandi,
1132 2455 1222 2519 ritca
1236 2454 1432 2534 religiosos

306 2561 510 2644 ordinandi,
529 2583 719 2646 componas
747 2561 927 2643 pulsandi,
947 2567 1070 2643 atque·
1079 2579 1202 2645 preces
1229 2559 1430 2624 indicendi.

396 2666 498 2746 Quod
526 2667 573 2730 ad
599 2669 764 2753 objectam
782 2667 944 2748 respicit,
966 2665 1154 2730 Ecclesiae
1171 2666 1354 2746 integrum
1373 2671 1431 2729 est

306 2771 457 2836 definire
485 2791 664 2854 quaenam
690 2789 869 2854 personae
886 2773 947 2836 vel
976 2789 1034 2838 res
1062 2771 1276 2835 adoratione
1294 2771 1432 2852 dignae
1526 2773 1527 2776 ’

305 2877 509 2942 habeantur
527 2884 736 2960 etquenam
760 2879 898 2942 honore
921 2879 993 2942 sint
1017 2876 1308 2959 prosequendae,
1328 2878 1433 2958 quip-

305 3001 352 3066 pe
369 3001 464 3066 quae
487 2984 570 3066 jure
600 2985 736 3066 potitur
764 2984 1030 3048 determinandi
1058 2983 1236 3068 quidquid·
1256 2983 1303 3046 ad
1320 2983 1435 3047 llnern

305 3091 515 3173 religiosum
544 3107 610 3173 per
626 3107 666 3154 se
692 3092 862 3154 refertur:
883 3089 1069 3154 Ecclesiae
1097 3091 1206 3170 igitur
1235 3097 1291 3153 est
1308 3089 1435 3153 decla·
1525 3127 1526 3132 κ

305 3214 390 3261 rare
405 3198 474 3261 soli
491 3193 568 3262 Deo
587 3214 631 3260 ac
660 3197 894 3261 Sanctissimc
913 3197 1165 3260 Eucharistiae
1189 3197 1433 3260 Sacramento

306 3321 386 3368 esse
404 3303 633 3368 tribuendum
648 3303 784 3367 cultum
797 3321 1004 3384 supremum
1018 3309 1055 3366 et
1068 3302 1271 3366 absolutum
1286 3303 1436 3382 latriae,-

306 3409 446 3490 Virgini
479 3411 618 3473 Mariae
651 3409 786 3474 cultum
813 3409 1048 3494 hyperdalioc,
1078 3413 1114 3471 et
1146 3406 1288 3472 Sanctis
1318 3415 1435 3490 atque
1524 3451 1525 3468 r

305 3515 456 3595 Angelis
484 3517 619 3579 cultum
644 3515 771 3596 duliae,
790 3515 851 3596 qui
876 3515 1006 3596 cultus,
1026 3514 1193 3596 quamvis
1221 3512 1435 3578 secundarii

306 3625 343 3683 et
371 3638 443 3685 non
472 3622 578 3702 plene
596 3621 752 3684 absoluti
781 3621 865 3700 sint,
884 3621 970 3702 quia
987 3621 1164 3684 creaturis
1194 3627 1435 3702 praestantur

305 3727 437 3791 intuitu
452 3727 533 3808 Dei,
553 3733 674 3792 tamen
693 3728 814 3810 aliquo
832 3745 940 3791 sensu
958 3727 1114 3791 absoluti
1132 3727 1260 3792 vocari
1277 3733 1436 3809 possunt
1523 3749 1524 3778 ἲ

307 3841 485 3916 quatenus
503 3833 543 3897 B.
563 3833 609 3896 Μ.
630 3833 771 3915 Virgini
789 3839 825 3897 et
841 3832 983 3898 Sanctis
1008 3833 1227 3898 exhibentur
1244 3833 1290 3897 ob
1310 3835 1436 3899 excel·

305 3939 456 4003 lentiam
481 3939 797 4020 supernaturalem
826 3955 920 4020 quae
935 3955 1025 4003 ¹vere
1054 3939 1142 4020 ipsis
1169 3939 1277 4019 inest,
1296 3939 1386 4004 licet
1412 3959 1437 4004 a

305 4043 384 4108 Deo
411 4046 647 4126 participata3
679 4045 852 4126 reliquias
883 4051 1003 4108 autem
1031 4051 1069 4108 et
1096 4045 1274 4126 imagines
1302 4063 1436 4110 sacras

306 4149 406 4213 cultu
423 4151 567 4214 omuino
586 4150 742 4214 relativo
771 4165 852 4213 esse
869 4153 1010 4213 tanturn
1039 4149 1284 4214 honorandas.
1304 4151 1435 4217 Eccle·
1522 4133 1523 4137 ¹

306 4257 383 4321 siae
399 4257 508 4322 etiam
523 4257 711 4340 proprium
727 4263 783 4321 est
799 4265 946 4321 sanctos
959 4259 1057 4341 ipsos
1070 4259 1304 4342 canonicam
1320 4277 1435 4326 veras
1521 4241 1522 4248 ἵ
