3058 4994
815 385 846 396 -
872 323 989 410 aaa-

340 515 503 562 annonas
520 513 583 560 seu
602 495 742 560 cibaria
764 496 907 578 utrique
924 495 1156 578 belligeranti
1185 511 1299 577 aeque
1327 510 1438 576 snppe

340 605 458 668 ditare
475 621 547 668 non
566 603 778 668 aestimatur
798 605 898 667 velut
916 603 1160 667 neutralitatis
1181 601 1341 666 violatio.

427 709 531 792 Quod
546 727 635 774 vero
653 709 699 774 ad
716 711 1020 774 restaurationem
1035 709 1195 774 violatae
1213 707 1452 772 neutralitatis

338 822 493 900 spectat,
524 817 553 884 si
573 817 723 882 violatio
754 816 836 881 dolo
861 835 906 880 ac
937 815 1098 880 malitiae
1126 813 1248 880 Status
1283 813 1452 880 neutralis

339 930 465 1006 aperte
478 923 649 1006 imputari
664 923 790 1005 possit,
805 921 863 988 hic
881 923 940 988 vel
950 923 995 988 ad
1009 922 1207 986 amittenda
1219 923 1304 1004 jura
1315 925 1451 986 neutra·

338 1031 463 1113 litatis,
484 1029 544 1095 vel
559 1030 605 1094 ad
623 1031 953 1112 compensationem
987 1029 1220 1112 reddendam,
1236 1031 1286 1092 uti
1307 1027 1453 1110 contigit

338 1137 374 1201 in
391 1136 632 1220 praelaudata
650 1137 861 1220 quaestione
879 1137 1018 1218 navigii
1035 1135 1204 1202 Alaboma
1220 1136 1317 1217 dicti,
1337 1134 1396 1200 vel
1411 1133 1452 1198 ad

338 1245 484 1328 plenam
508 1243 794 1309 satisfactionem
825 1243 1030 1308 exbibenda
1063 1245 1245 1326 plectitur;
1265 1243 1319 1308 sin
1339 1247 1451 1306 antem

338 1350 490 1415 violatio
508 1349 754 1416 neutralitatis
772 1357 899 1414 contra
916 1350 1142 1416 voluntatem
1173 1349 1297 1414 Status
1314 1355 1451 1414 neutra-

338 1456 382 1520 lis
399 1457 516 1522 locum
531 1445 677 1539 habeat,
697 1456 757 1540 qui
774 1457 888 1539 copiis
906 1461 943 1522 et
956 1455 1094 1522 viribus
1112 1460 1213 1522 caret
1229 1457 1276 1520 ad
1292 1456 1451 1538 rejicien-

339 1561 420 1628 dam
435 1563 706 1645 aggresaionem
723 1564 784 1628 vel
796 1565 1023 1630 invasionem
1041 1565 1223 1629 exercitus
1242 1565 1451 1646 belligeran-

337 1671 382 1734 tis
396 1671 432 1734 in
448 1689 550 1734 suum
569 1671 802 1752 territorium,
818 1677 903 1736 tuno
921 1677 1091 1738 caeterae
1114 1669 1281 1737 nationes
1310 1685 1450 1736 causam

338 1793 448 1858 agere
465 1775 599 1842 debent
614 1776 735 1842 Status
753 1780 928 1844 neutralis
953 1781 1031 1861 ejus
1052 1780 1137 1860 jnra
1154 1779 1311 1862 positive
1336 1777 1450 1841 deten-

337 1881 468 1966 dendo,
487 1901 559 1948 non
584 1889 704 1948 autem
741 1903 874 1950 vanam
903 1889 939 1950 et
968 1887 1131 1952 inutilem
1158 1885 1450 1968 protestationem
1526 1939 1527 1974 ,

337 1988 569 2070 publicando,
586 1997 624 2054 ut
642 1993 777 2072 passim
795 1993 845 2056 fit.

427 2097 503 2162 152.
554 2095 641 2164 Cum
659 2099 703 2164 de
735 2100 881 2181 praedis
910 2102 1099 2166 maritimis
1116 2116 1378 2184 saepenumero
1407 2095 1448 2158 lo·

337 2205 438 2287 qunti
454 2206 578 2288 simus,
598 2207 662 2270 abs
680 2223 719 2270 re
737 2225 808 2270 non
826 2208 895 2272 erit
923 2207 1174 2274 brevissimum
1192 2223 1395 2272 sermonem
1411 2203 1448 2266 de

336 2311 404 2378 hoc
422 2320 636 2395 argumento
654 2331 733 2379 cum
758 2314 864 2380 bellis
893 2316 1084 2381 navalibus
1112 2315 1236 2380 intime
1263 2315 1445 2396 conjuncto

337 2419 537 2486 instituere.

424 2529 581 2596 Praedac
601 2532 796 2596 maritimae
814 2535 1068 2613 nuncupantur
1089 2531 1223 2596 “naves
1241 2547 1336 2613 quae
1348 2529 1383 2592 iu
1395 2525 1445 2588 be·

336 2635 386 2699 llo
399 2637 579 2701 maritimo
597 2638 789 2720 capiuntur
807 2645 881 2704 tum
895 2639 1033 2704 nationi
1047 2639 1226 2720 inimicae,
1241 2641 1314 2702 tum
1333 2635 1444 2702 etiam·

335 2741 682 2810 interdumStatibus
695 2747 920 2814 neutralibus
935 2747 979 2812 ob
995 2747 1230 2812 violationem
1244 2743 1445 2810 neutralita·
1525 2813 1526 2826 ,

336 2852 382 2914 tis
397 2851 577 2916 hostiliter
594 2871 673 2917 sese
684 2855 928 2940 gerentibus„
949 2873 993 2922 ex
1012 2855 1126 2920 allata
1142 2854 1289 2920 notione
1303 2851 1445 2918 infertur
1525 2831 1526 2850 ¹

336 2957 470 3041 duplex
488 2977 601 3042 genus
629 2979 708 3026 esse
725 2965 956 3044 praedarum,
988 2970 1095 3048 prout
1112 2964 1261 3046 navigia
1279 2962 1325 3027 ad
1342 2956 1444 3025 natio·

335 3085 399 3130 nes
413 3069 616 3132 contrarias
633 3069 694 3133 vel
711 3069 756 3132 ad
774 3079 900 3152 gentes
918 3079 1065 3138 neutras
1085 3073 1275 3136 attineant.

391 3173 517 3255 Quoad
529 3177 682 3258 primurn
694 3195 807 3260 genus
823 3181 1053 3263 praedarum,
1064 3180 1290 3264 apprehendi
1305 3174 1443 3262 possunt

335 3299 449 3346 naves
468 3283 677 3348 bellatrices
691 3289 727 3348 et
742 3285 999 3364 praedatoriae
1016 3287 1182 3369 hostiurm
1203 3287 1279 3369 sed,
1294 3287 1345 3349 uti
1364 3279 1442 3346 ullas

335 3390 670 3473 animadvertimus,
701 3393 874 3476 quidquid
902 3396 949 3460 sit
969 3397 1012 3460 de
1042 3396 1149 3479 praxi
1181 3382 1441 3458 internatiomli

335 3497 571 3562 communiter
599 3504 759 3582 recepta,
780 3507 877 3566 rates
895 3505 1138 3567 mercatoriae
1169 3501 1322 3585 pacifice
1341 3491 1441 3564 marla

334 3601 518 3666 sulcantes
536 3621 557 3666 a
574 3609 727 3687 captura
741 3611 933 3689 exemptae
950 3608 1172 3692 spectandae
1197 3618 1292 3689 suut;
1308 3601 1439 3674 etenim,
1524 3627 1525 3700 3

331 3709 436 3788 Juxta
453 3715 554 3773 recta
570 3711 591 3774 J
596 3713 667 3776 uris
697 3713 880 3778 Naturalis
898 3717 1090 3800 principia,
1112 3717 1317 3799 proprietas
1335 3710 1439 3798 priva·
1524 3701 1525 3704 '

334 3821 371 3878 ta
388 3815 522 3881 civium
539 3819 727 3884 inermium
760 3827 796 3886 et
825 3823 1058 3904 pacificorum
1088 3823 1213 3888 eadem
1246 3811 1440 3886 reverentia

333 3925 587 4008 prosequenda
606 3932 641 3992 et
659 3929 809 3994 colenda
830 3933 937 3996 estin
955 3931 1060 3998 bellis
1093 3929 1391 3996 continentalibus
1404 3935 1438 3983 at

333 4030 370 4094 in
387 4031 491 4098 bellis
508 4037 713 4102 navalibus.

422 4137 510 4221 Capi
529 4160 616 4206 vero
632 4149 827 4227 nequeunt,
857 4145 885 4208 si
900 4145 1211 4230 jurisprudentiae
1240 4135 1435 4210 interuallo·

333 4246 407 4312 nali
426 4253 461 4312 et
480 4251 568 4313 mori
587 4252 787 4316 universali
811 4253 969 4334 gentium
997 4255 1165 4320 standum
1182 4255 1241 4337 sit,
1261 4249 1436 4340 sequentes
