3096 4986
764 332 924 390 ..κ-

283 475 518 558 atqneetiam
537 474 651 556 aliqui
683 473 885 538 Tridentini
911 473 1040 538 Patres
1068 472 1182 538 hosce
1212 488 1413 554 processus

284 582 443 664 probare
462 581 659 644 videantur
675 581 737 664 (l),
765 585 900 660 tamen,
922 580 1031 660 juxta
1059 579 1283 643 sententiam
1310 577 1414 660 apud

283 688 431 752 criticos
447 689 607 770 optimae
627 695 739 750 notae
752 687 992 751 communiter
1007 693 1209 768 receptam,
1240 691 1317 748 tum
1349 701 1412 748 ca·

287 811 360 858 non
387 793 458 858 XII
484 792 622 874 Synodi
647 791 849 856 Toletanse
873 791 1063 871 Xlll,tum
1074 791 1193 855 verba
1205 789 1413 872 Theologu-

284 917 363 964 rum
381 916 425 962 ac
442 899 651 962 testimonia
669 897 815 961 Petrum
831 897 1107 979 interpretanda
1118 901 1206 962 sunt
1221 897 1269 960 de
1285 913 1414 961 recur-

283 1022 327 1070 su
339 1005 591 1086 protectionis,
606 1005 643 1066 in
660 1021 732 1084 quo
748 1003 926 1066 violentia
939 1003 1000 1067 vel
1016 1003 1155 1066 iactum
1170 1002 1415 1066 inhumanum

245 1169 259 1196 ,
284 1109 501 1188 retunditur,
515 1127 587 1174 non
605 1127 693 1173 vero
707 1109 754 1172 de
769 1126 919 1172 recursu
932 1108 1112 1190 judiciali,
1130 1110 1193 1190 qni
1209 1109 1345 1172 dicitur
1363 1109 1416 1171 ab

285 1215 401 1280 abusu
420 1227 457 1280 et
474 1214 673 1296 Hispanico
704 1215 746 1280 de
766 1215 903 1299 surm:
935 1223 1161 1296 quapropter
1186 1214 1281 1278 boec
1310 1231 1416 1278 nova

249 1363 256 1378 .
286 1323 405 1388 lormc
417 1321 616 1402 judicialis,
634 1337 777 1384 necnon
789 1320 970 1384 inurbane
984 1327 1096 1402 atque
1108 1320 1287 1402 injuriosa
1299 1319 1415 1384 deno·

285 1429 435 1494 minatio
453 1445 476 1490 a
493 1427 626 1490 nostris
637 1425 821 1506 regalistis
836 1426 984 1489 saeculo
997 1425 1102 1490 XVII
1117 1425 1259 1490 desumi
1286 1425 1417 1507 coepit

285 1551 334 1598 ex
350 1533 589 1608 Rioberianis‚
609 1532 824 1612 pracsertim
849 1539 970 1596 autem
987 1547 1033 1594 ex
1046 1532 1203 1613 jnristis,
1221 1531 1400 1614 scriptori

287 1640 426 1722 busque
442 1639 648 1720 gallicanis.

376 1745 482 1826 Apud
498 1755 680 1808 nostrates
696 1746 807 1806 antea
819 1743 927 1823 juxta
942 1748 1108 1806 veterem
1135 1740 1308 1807 codicem
1327 1761 1416 1824 pro·

287 1851 466 1916 bessalem
483 1858 558 1912 tres
574 1861 681 1914 erant
712 1865 881 1912 recursus
911 1865 977 1929 per
1004 1848 1080 1912 vim
1110 1865 1176 1914 seu
1202 1849 1245 1914 de
1269 1849 1415 1934 ferrea,

287 1973 431 2037 nempe:
452 1954 501 2020 1.⁰
519 1957 556 2020 in
585 1955 828 2040 cognoscendo,
846 1954 991 2035 quaudo
1003 1953 1119 2033 judex
1135 1955 1418 2018 ecclesiasticus

287 2061 333 2126 de
350 2079 389 2126 re
407 2061 453 2126 ad
469 2079 570 2124 suam
584 2059 873 2142 jurisdictionem
891 2077 964 2123 non
987 2060 1166 2124 attinente
1191 2063 1253 2134 (ex
1277 2060 1417 2142 regali·
1544 2119 1545 2132 ἶ

287 2171 426 2232 starum
445 2167 595 2248 placito)
612 2164 852 2246 intelligebat
871 2163 924 2228 2.⁰
948 2169 985 2228 in
999 2167 1228 2249 procedendo,
1247 2165 1416 2248 quando,
1461 2159 1464 2164 ’
1544 2245 1545 2254 ¹

287 2275 356 2338 etsi
372 2274 417 2338 de
434 2291 545 2336 causa
573 2273 642 2354 ipsi
671 2276 902 2353 competente
929 2277 1181 2352 cognosceret,
1199 2272 1417 2338 solemnita-

287 2385 344 2444 tes
357 2381 449 2460 juris
465 2397 528 2442 seu
547 2379 700 2442 formam
717 2375 874 2458 legalem
898 2377 994 2440 baud
1018 2378 1206 2458 servabat;
1232 2377 1286 2444 3.⁰
1299 2381 1338 2444 in
1355 2401 1417 2445 ne·

285 2487 400 2570 pando
416 2486 693 2570 appeliationem,
707 2485 849 2565 quoties
866 2484 960 2547 banc
986 2501 1059 2548 nou
1088 2485 1308 2567 recipiebat,
1328 2503 1418 2552 cum

288 2589 334 2654 de
342 2592 425 2670 jure
443 2590 670 2671 procederet:
688 2588 879 2653 hodiedum
897 2606 942 2652 ex
959 2587 1041 2670 lego
1058 2590 1199 2672 vigenti
1215 2609 1289 2656 non
1303 2591 1419 2658 datur

288 2711 458 2760 recursus
472 2695 540 2758 nisi
558 2695 594 2758 in
610 2694 862 2774 cognoscendo
880 2694 940 2777 (2).

380 2800 552 2864 Tribuual
570 2795 793 2881 supremum,
809 2801 860 2864 uti
877 2803 1050 2883 explicite
1067 2807 1104 2867 ot
1119 2803 1287 2868 taxative
1306 2821 1418 2886 prae-

288 2907 416 2972 scribit
430 2907 584 2970 actualis
607 2907 790 2988 legislatio
818 2906 879 2986 (3),
914 2908 1102 2988 cognoscit
1130 2905 1176 2971 de
1200 2909 1419 2974 recursibus

289 3021 419 3080 contra
434 3012 464 3076 N
468 3015 688 3076 cutiaturam
706 3018 744 3076 et
759 3011 955 3075 tribunalia
976 3013 1168 3094 superiora
1186 3013 1419 3080 ecclesiasti-

289 3167 476 3180 m—-u—-n

362 3293 401 3358 (lt
439 3293 482 3346 lte
507 3295 598 3346 innuit
609 3293 749 3346 Henricus
761 3293 919 3359 Henriquer
932 3292 960 3344 in
974 3289 1095 3358 Summo,
1119 3293 1168 3347 lib.
1187 3293 1348 3364 X1V,eap.
1375 3294 1421 3366 12,

291 3361 341 3417 ubl
355 3363 464 3428 legitur:
481 3365 534 3416 «Et
547 3367 668 3417 consulti
682 3365 788 3421 Cuesta
801 3365 958 3430 Episcopus
972 3363 1164 3434 legionensis,
1184 3373 1305 3434 uterque
1317 3367 1421 3435 sotus,

290 3433 397 3499 Canus,
409 3435 547 3498 Montius,
560 3441 588 3488 et
600 3442 698 3488 noster
711 3435 793 3501 Dera,
802 3435 940 3501 multique
952 3433 1096 3502 Theologi.
1108 3437 1334 3504 iurisperitique‚
1347 3443 1422 3506 quis

291 3505 350 3557 vim
365 3506 393 3556 ri
406 3507 542 3572 repellere
551 3509 672 3572 pertinet
685 3507 722 3558 ud
736 3505 841 3558 bonum
854 3511 946 3558 status
960 3511 989 3558 et
1002 3505 1239 3572 gubernationem
1252 3511 1344 3562 totius
1357 3525 1420 3579 reg·

291 3575 322 3629 ni
343 3579 411 3626 stoa

326 3615 332 3642 ’
363 3649 400 3709 (2)
436 3643 605 3698 consulatur
616 3661 691 3699 novo
703 3647 750 3698 lex
762 3643 1012 3715 processalileey
1031 3645 1064 3700 de
1088 3642 1325 3716 Enjuiuamtetto
1338 3649 1420 3721 oict'l)

293 3713 363 3770 euni
380 3717 441 3768 leet
459 3716 495 3767 ab
507 3718 625 3768 articulo
642 3721 689 3768 itt
705 3733 795 3784 usque
807 3717 843 3769 ad
865 3721 914 3769 lta
924 3718 1071 3770 inclusive.

365 3787 403 3852 (8)
439 3787 480 3840 En
495 3793 592 3839 textus
605 3787 714 3840 articuli
734 3793 790 3840 l'lt:
806 3789 857 3839 til
868 3788 1003 3841 'l'ribunal
1016 3789 1155 3854 Supremo
1167 3791 1307 3845 conoeerd
1325 3792 1421 3848 delos

294 3871 425 3928 recursus
438 3857 577 3910 deluens
589 3873 644 3923 quo
656 3873 689 3910 se
702 3859 888 3924 interpongan
901 3860 1037 3911 contrait
1050 3859 1226 3914 Nuntiatum
1238 3864 1311 3928 ylos
1327 3863 1420 3919 tribu-

294 3927 376 3980 uales
389 3941 550 3994 superiores
563 3928 754 3981 eclesitstioos
767 3929 802 3980 de
817 3931 844 3981 le
855 3935 939 3982 corte:
952 3945 970 3996 y
984 3933 1025 3982 las
1049 3931 1215 3986 audientias
1239 3933 1284 3986 det
1306 3938 1420 3991 territo

295 3997 338 4050 rio
351 4003 509 4064 respectlvo
522 3999 558 4052 de
571 4001 613 4051 los
626 4015 682 4066 que
694 4015 726 4052 se
738 4003 925 4067 interpungon
938 3997 1036 4053 contro
1049 4003 1091 4055 los
1113 4002 1214 4058 demtis
1225 4005 1326 4072 jueces
1339 4007 1358 4060 ό
1370 4008 1420 4060 tri-

295 4067 416 4120 bunalcs
428 4069 618 4122 eclesitsticos
642 4071 678 4121 de
688 4085 738 4122 sus
753 4073 926 4138 respectivos
939 4071 1091 4125 dicturos.»

371 4137 491 4192 «Contra
505 4141 546 4192 loe
559 4141 751 4194 resolutiones
759 4156 814 4208 que
827 4140 911 4194 sobre
925 4143 997 4195 elios
1010 4145 1218 4209 pronuuoitren
1230 4147 1258 4200 el
1276 4145 1420 4202 Tribunal

294 4207 435 4276 Supremo
447 4213 464 4263 t
477 4212 519 4264 lus
529 4213 701 4264 Audieucios
713 4225 751 4264 no
762 4227 794 4266 so
803 4211 871 4264 dard
882 4213 999 4266 ulterior
1008 4228 1147 4268 recurso.»
