3096 4986
549 403 709 464 ...11-

154 543 297 611 Contra
323 547 385 630 jus
417 547 555 613 liberae
587 549 755 630 actionis,
789 548 1127 614 communicationis
1158 553 1196 615 et
1295 549 1300 560 '

79 651 373 736 promulgationis
390 654 573 718 cernimus
591 655 767 718 latissime
791 662 828 718 et
856 654 1096 738 undequaque
1114 673 1194 737 per·

78 767 247 840 patratum
266 761 515 841 perniciosum
533 760 684 826 abusum
705 761 831 826 Ptaciti
860 761 972 846 Repii3
992 771 1121 825 contra
1134 763 1196 842 jus

78 864 203 929 liberae
220 865 416 930 electionis
431 872 467 930 et
483 867 720 931 institutionis
739 866 931 930 Rectorum
948 883 993 930 ac
1006 884 1195 931 sacrorum

78 969 516 1037 Ministrorumintnemur
548 972 728 1038 interdum
759 980 796 1037 et
823 973 1006 1038 nonnullis
1038 973 1073 1036 in
1106 973 1196 1036 locis

79 1075 250 1142 inductum
271 1080 424 1144 abusum
443 1079 570 1164 Rapiat
601 1079 859 1144 Nominotionis
877 1097 942 1161 pro
961 1078 1196 1161 designandis

76 1183 146 1262 jnre
172 1186 331 1269 regalius
364 1184 625 1250 ecclesiasticis
642 1185 940 1266 ,Magistratibus
973 1187 1191 1267 praesertim

79 1306 156 1352 vero
168 1289 379 1373 Episcopis3
397 1291 598 1374 contraius
611 1291 750 1356 liberae
764 1293 1032 1372 competentiae
1049 1291 1095 1354 ad
1112 1308 1196 1354 cau·

80 1401 317 1480 sasproprias
342 1407 418 1463 tum
435 1399 472 1463 in
489 1399 616 1463 ordine
647 1397 868 1479 voluntario,
897 1403 972 1460 tum
1004 1397 1039 1459 in
1069 1396 1197 1458 ordine

81 1506 300 1570 contentioso
318 1505 592 1588 cognoscendas
625 1505 790 1570 videmus
821 1503 980 1584 undique
1013 1513 1050 1565 et
1077 1501 1198 1564 civilis

83 1613 260 1688 potestatis
276 1613 380 1694 jussu
398 1611 458 1676 vel
477 1629 627 1676 assensu
656 1613 849 1693 irrepsisse
875 1610 1142 1674 intolerabilem
1160 1611 1199 1671 et

84 1731 253 1798 nunquam
273 1726 332 1782 sat
349 1719 584 1800 reprobatum
602 1719 766 1797 abusum,
793 1733 899 1799 quem
918 1727 1053 1780 vocant
1071 1713 1197 1798 Appel-

84 1819 214 1888 loliones
246 1826 293 1889 ab
316 1826 426 1890 odusa
444 1825 568 1906 (vulgo
588 1825 758 1889 Recursus
772 1823 813 1888 de
826 1823 977 1909 faerao);
995 1833 1123 1884 contra
1138 1821 1199 1898 jns

84 1943 198 1993 sacrae
213 1931 456 1996 immunitatis
473 1941 510 1995 ct
526 1931 802 1996 ecclesiasticae
819 1928 1061 2009 exemptionis
1079 1925 1197 2007 peria-

87 2033 144 2098 eile
159 2038 288 2103 videre
301 2049 358 2102 est
375 2037 472 2121 apud
499 2047 650 2102 cunctas
667 2036 834 2100 nationes
863 2033 1065 2098 catholicas
1081 2034 1199 2095 ndnnc

88 2154 305 2224 nuncupatas
321 2145 655 2228 frequentissimum
680 2153 718 2206 et
741 2141 850 2206 valde
867 2141 1085 2206 sceleratum
1113 2141 1197 2201 abu·

88 2263 151 2310 snm
171 2250 379 2317 Violatiom‘a
392 2251 650 2331 cujuscumque
662 2247 901 2312 immunitatis
910 2246 1197 2324 ecclesiasticae,

89 2352 312 2437 decimalis,
331 2359 411 2422 sive
427 2357 552 2436 realis,
571 2358 651 2421 sive
668 2355 883 2436 personalis.

161 2461 194 2524 5.
243 2459 332 2526 (inm
359 2462 404 2526 de
417 2462 574 2542 juribus,
605 2479 699 2542 quae
725 2459 912 2523 Ecclesiae
930 2458 967 2520 vi
983 2473 1071 2518 suae
1101 2467 1198 2534 pote·

90 2567 179 2630 statis
194 2569 460 2653 independentia
475 2577 697 2648 competunt,
713 2565 893 2646 agendum
906 2563 962 2644 sit,
977 2572 1062 2625 ante
1079 2559 1201 2624 oninia

92 2676 194 2751 operis
212 2677 370 2757 pretinm
389 2674 459 2738 erit
489 2674 644 2754 rejicere
672 2681 782 2753 atque
799 2673 975 2752 impetere
992 2667 1201 2732 execrabile

92 2791 121 2840 st
139 2781 479 2860 perniciosissimum
494 2779 760 2861 Regalistarum
778 2777 952 2859 placitum
981 2775 1201 2839 contenden-

94 2885 166 2950 tium
184 2889 322 2953 licitam
355 2904 437 2951 esse
463 2885 621 2969 Regibus
639 2894 675 2949 et
691 2884 875 2966 Supremis
907 2881 1070 2948 Statuam
1091 2879 1201 2956 illogi-

94 2996 254 3058 stratibus
270 2993 414 3058 ratione
433 2993 552 3057 civilis
578 2991 804 3074 principatus
829 2989 888 3052 vel
913 2989 1040 3051 summi
1058 2985 1201 3066 imperii

92 3103 317 3165 retentionem
331 3100 517 3164 Baliarum
532 3088 716 3162 ueletiam
730 3113 885 3160 examen
898 3093 1201 3159 Constitutionum

95 3199 364 3286 Pontificiarnm‚
381 3204 476 3288 quod
493 3205 636 3287 quidem
655 3210 895 3267 commentum
913 3209 949 3264 et
962 3200 1082 3282 iniqua
1100 3213 1201 3277 pme·

94 3311 207 3394 tensio,
227 3313 274 3378 in
295 3313 437 3394 praxim
456 3332 479 3374 a
496 3311 643 3392 regibus
670 3325 868 3390 eorumque
885 3307 1013 3371 aulicis
1031 3303 1200 3384 deducta,

94 3432 203 3486 ansam
223 3419 323 3484 dedit
339 3428 377 3483 et
394 3418 572 3500 originem
591 3416 761 3499 praebuit
776 3415 916 3498 ingenti
933 3430 977 3476 ac
996 3409 1202 3474 detestabili

95 3521 207 3592 abusui
224 3527 409 3591 multoties
425 3525 472 3588 ab
488 3523 655 3588 Ecclesia
667 3522 863 3604 reprobato
889 3527 999 3600 atque
1016 3516 1200 3596 damnato,

94 3643 222 3714 nempe,
257 3633 433 3697 exercitio
468 3631 594 3713 regiae
629 3627 915 3710 praerogativae
946 3641 1009 3688 seu
1041 3623 1205 3704 regaliae

98 3735 255 3806 Placitum
272 3739 416 3824 Regium
434 3747 498 3802 aut
527 3737 672 3822 Raptam
684 3733 909 3818 Eceeqaaiar
934 3731 1049 3812 (Pate)
1070 3744 1203 3792 nuncu·

94 3854 198 3921 patae.

167 3953 198 4019 6.
248 3953 440 4018 Adversus
456 3950 567 4034 igitur
584 3946 828 4025 Caesaristas,
847 3941 1072 4022 Gallicanos,
1091 3938 1202 4019 Rega-

95 4052 196 4142 listas,
214 4074 413 4141 omnesque
431 4057 570 4120 aulicos
587 4052 862 4120 ecclesiasticae
879 4046 1058 4113 libertatis
1083 4045 1206 4108 hostes

97 4176 292 4248 sequentem
311 4161 443 4230 thesim
460 4157 873 4244 dogmatico-juridicam
905 4153 1108 4216 statuimus:
1137 4149 1203 4212 Na-

97 4280 206 4349 meant
220 4271 331 4358 Reges
345 4289 526 4353 eorumque
545 4267 721 4334 θαὸονπία
736 4265 774 4329 ia
787 4261 941 4328 Stolidus
966 4256 1124 4344 politicis
1141 4256 1204 4318 im·
