3038 4994
535 375 714 434 -227-

79 519 188 581 contra
217 535 259 583 se
276 519 480 599 exercerem
497 515 526 598 l)
545 535 591 583 ex
607 517 753 584 defectu
784 520 1045 603 communionis,
1072 517 1184 604 siqui-

82 621 145 685 dem
162 641 230 688 uon
246 625 364 689 solum
381 625 650 689 detrectaretur
665 624 875 690 obedientia
892 625 1032 690 actibus
1060 632 1096 692 et
1125 626 1184 692 de·

78 729 256 795 olsionibus
274 729 411 796 Summi
441 731 638 814 Pontificis,
657 749 784 798 verum
812 733 921 796 etlam
939 731 1096 815 undique
1124 751 1183 798 ex·

78 844 254 918 surgerent
266 839 487 920 gravissime
503 847 540 903 et
553 840 692 922 jugiter
707 839 933 904 imminentia
950 840 1185 906 schismatum

79 945 238 1028 pericula,
253 963 335 1011 cum
348 947 486 1011 nullum
501 947 714 1030 gubernium
728 951 929 1028 pateretur,
945 951 984 1010 ut
997 946 1185 1013 Ecclesiae

76 1065 269 1130 supremum
287 1053 407 1136 Caput
420 1054 528 1118 alicui
546 1053 724 1136 peculiari
741 1053 902 1136 Principl
919 1054 1115 1118 obnoxium
1128 1073 1184 1118 su·

78 1173 179 1236 perse
195 1167 389 1224 exerceret
405 1177 507 1224 suam
525 1161 795 1240 auctoritatem;
811 1159 943 1224 exinde
956 1165 1186 1243 emergerent

79 1263 183 1342 plures
202 1263 496 1331 OhrIstianitates
513 1267 651 1331 locales
684 1272 720 1330 et
754 1267 966 1331 innumerae
998 1267 1186 1331 Ecclesiae

77 1371 279 1453 nabonales,
299 1379 407 1454 prout
421 1373 557 1436 iactum
576 1379 631 1436 est
657 1377 693 1436 et
710 1372 827 1436 adhuc
843 1372 883 1435 fit
911 1373 948 1436 in
977 1373 1185 1454 regionibus

78 1478 350 1553 protestantibus
367 1495 390 1542 a
406 1478 618 1542 seinvicem
638 1478 786 1560 politice
799 1479 992 1559 separans,
1008 1495 1051 1541 ac
1066 1479 1184 1559 proin·

77 1579 113 1642 de
127 1581 160 1645 in
176 1582 344 1648 Ecclesia
371 1585 491 1648 locum
509 1583 661 1648 haberet
687 1583 781 1648 idem
800 1583 895 1664 quod
913 1583 1010 1666 apud
1027 1585 1183 1651 ditiones

78 1688 293 1768 etgubernia
320 1689 603 1754 Protestantium
622 1690 773 1768 obtinet,
792 1707 934 1772 nempe,
966 1691 1061 1772 quod
1089 1692 1186 1757 illins

77 1793 116 1854 sit
142 1796 283 1878 religio,
303 1797 405 1876 eujus
423 1803 478 1861 est
496 1797 609 1877 regi03
626 1803 652 1875 ο)
670 1813 716 1859 ex
733 1797 875 1859 defectu
905 1797 1087 1877 libertatis,
1113 1806 1186 1864 ete·

78 1897 150 1977 nim,
167 1901 357 1984 siquando
375 1903 588 1984 gubernium
605 1903 735 1983 ipsum,
754 1903 820 1966 sub
839 1919 908 1984 quo
928 1903 1096 1968 Pontifex
1128 1905 1186 1969 de-

77 2010 179 2087 geret,
209 2009 372 2090 iniqnum
401 2027 446 2073 ac
463 2010 581 2072 malae
598 2009 680 2072 fidei
698 2017 805 2088 esset,
828 2010 941 2072 veluti
972 2027 1042 2072 non
1074 2012 1188 2076 semel

79 2115 254 2195 contingit,
274 2115 469 2197 compedes
487 2121 523 2178 et
540 2117 702 2180 manicas
720 2117 860 2180 ferreus
878 2115 1011 2180 Christi
1041 2117 1186 2181 Vicario

79 2223 257 2295 tyrannice
273 2229 384 2304 atque
417 2223 597 2304 sacrilege
615 2223 766 2304 injicere
784 2229 907 2304 posset
925 2223 970 2286 ed
991 2223 1187 2306 impedien-

79 2324 149 2389 dum
163 2330 355 2409 potestatis
369 2329 569 2411 spiritualis
584 2330 810 2410 exercitium,
827 2336 889 2392 aut
903 2329 949 2393 ad
962 2347 1043 2393 eum
1057 2347 1187 2411 cogen-

79 2430 163 2512 dum,
179 2441 217 2498 ut
235 2453 280 2499 ea
298 2442 515 2517 praestaret,
533 2455 555 2500 a
568 2437 697 2518 quibus
711 2437 789 2518 ipse
803 2433 987 2516 abhorret,
1002 2437 1063 2500 vel
1078 2437 1189 2500 etiam

79 2537 118 2600 ed
138 2540 236 2604 illum
254 2543 364 2606 exilio
382 2543 664 2624 carceribusque
682 2542 940 2622 mulctandum,
974 2543 1005 2606 si
1024 2541 1189 2624 perversi

80 2640 241 2711 Gubernii
258 2648 439 2712 voluntati
454 2666 525 2712 non
544 2649 808 2730 acquiesceret.
835 2647 880 2712 Et
907 2665 1009 2730 sane,
1029 2666 1109 2713 cum
1126 2665 1188 2712 an·

78 2765 117 2812 uo
133 2752 216 2817 1849
231 2753 316 2818 Pius
334 2753 386 2818 IX
415 2754 570 2837 Neapoli
603 2759 821 2834 moraretur,
855 2754 1019 2818 factiosis
1040 2755 1190 2819 Romam

80 2861 343 2942 occupantibus,
363 2859 665 2926 Constitutionem
685 2860 816 2938 emisit,
844 2878 915 2942 qua
933 2861 1132 2924 damnabat
1163 2864 1189 2924 i·

78 2969 201 3030 storum
219 2967 463 3048 perniciosam
482 2967 615 3049 agendi
634 2967 825 3048 rationem3
840 2967 985 3031 factiosi
997 2975 1117 3031 autern
1136 2985 1189 3030 re·

80 3086 202 3148 ponere
220 3075 300 3137 ausi
316 3079 400 3138 sunt
417 3075 549 3138 nullius
567 3074 705 3138 valoris
734 3089 815 3137 esse
849 3073 1025 3155 ejusmodi
1055 3081 1187 3154 actum,

79 3183 191 3258 utpote
207 3180 274 3244 sub
293 3180 414 3244 aliena
432 3180 679 3244 dominatione
697 3180 879 3260 emissum,
913 3180 979 3244 sub
1008 3180 1110 3260 cujus
1139 3179 1190 3241 in·

79 3283 166 3349 fluxu
182 3287 416 3351 versabatur.

159 3393 232 3456 129.
284 3393 530 3459 Testimonium
562 3392 774 3458 historicum.
797 3391 1190 3456 EcclesiastIcaHisto·

80 3493 130 3557 ria
160 3498 263 3562 nobis
296 3499 407 3562 etiam
439 3503 567 3580 aperte
600 3498 769 3562 edisserit
800 3497 1054 3562 necessitatem
1088 3497 1190 3568 Pote-

80 3604 175 3666 statis
208 3605 421 3669 Pontificius
448 3605 674 3686 temporalis,
694 3611 768 3670 tum
787 3611 871 3669 ante
898 3605 1192 3669 constitutionem

80 3707 191 3774 civilis
222 3709 453 3793 Principatus
485 3711 632 3775 saeculo
650 3710 737 3776 VIII
754 3713 969 3794 perfectam,
1002 3717 1078 3775 tum
1110 3715 1193 3792 post

81 3815 348 3896 acquisitionem
363 3819 489 3900 regiae
507 3817 708 3900 dignitatis,
736 3835 807 3900 qua
824 3818 975 3882 Romani
999 3817 1192 3882 Praesules

82 3923 192 3986 ornati
219 3928 304 3988 sunt
319 3941 342 3988 a
367 3923 513 3988 dimidIo
531 3924 669 3988 saeculi
687 3923 773 3989 VIII
790 3941 857 4006 per
875 3923 1064 3988 duodecim
1081 3922 1192 3987 contiss

81 4028 196 4093 nentia
210 4031 372 4096 saecula.

161 4137 253 4204 Ante
300 4138 476 4221 originem
504 4138 696 4203 formalem
727 4143 764 4201 et
792 4136 1019 4201 definitivam
1047 4135 1194 4218 ditionis

84 4237 282 4310 Pontifleiae
295 4245 531 4328 creationem,
551 4261 645 4327 quae
669 4244 815 4309 saeculo
831 4243 917 4309 VIII
943 4247 1016 4326 (an.
1045 4241 1123 4323 754)
1141 4243 1194 4306 fa-
