3028 4992
537 425 574 436 -
601 391 715 450 299—

156 531 398 620 Praeceptum.
414 533 570 616 Insuper
594 533 805 600 Alexander
819 535 869 600 VI
884 535 922 600 in
948 535 1086 601 virtute
1112 555 1195 601 san·

10 635 11 638 ’
74 641 147 702 ctae
160 639 393 704 obedientiae
411 639 569 723 Regibus
584 639 768 706 Castellae
785 647 822 706 et
836 641 1008 726 Legionis
1023 643 1194 726 imperat,

73 747 107 808 ut
121 745 358 828 evangelicos
376 741 564 829 operarios
578 748 616 812 in
631 748 714 812 illas
731 748 900 830 regiones
913 749 1057 812 mittant
1073 751 1195 830 gratia

73 851 254 916 obtinendi
284 853 562 919 conversionem
594 853 740 918 illarum
771 855 945 936 gentium,
982 871 1075 936 quae
1108 855 1195 919 licet

72 957 177 1022 vitam
195 963 235 1024 et
248 963 383 1024 statum
401 960 575 1026 socialem
593 961 818 1044 nesciebant,
845 966 1006 1026 attamen
1034 962 1194 1044 optimae

73 1063 199 1128 indolis
217 1071 256 1128 et
274 1065 370 1129 mitis
387 1065 605 1132 conditionis
622 1067 854 1132 videbantur.

151 1173 374 1238 Declcrctio.
402 1173 601 1239 Praeterea
617 1174 788 1239 laudatus
800 1173 969 1240 Pontifex
982 1174 1019 1238 in
1032 1173 1193 1238 celebra-

71 1277 205 1344 tissima
222 1281 304 1362 ejus
322 1279 589 1347 Constitutione
607 1282 780 1364 explicite
797 1285 951 1346 testatur
968 1280 1068 1346 nullo
1085 1283 1194 1362 paeto
1220 1367 1224 1374 ¹

70 1385 102 1448 iu
133 1385 286 1450 dubium
314 1388 485 1452 revocari
518 1405 639 1470 posse,
672 1389 758 1470 quin
791 1387 907 1469 Reges
935 1386 1195 1468 Hispaniarum

69 1489 320 1557 Ferdinandus
338 1499 374 1557 et
391 1493 579 1558 Elisabeth
595 1494 805 1576 praedictas
829 1493 1030 1557 maritimas
1047 1491 1193 1574 expedi-

69 1597 180 1663 tiones
194 1600 279 1664 zelo
297 1600 475 1665 dilatandi
508 1601 615 1666 fldem
640 1601 881 1683 susceperint,
911 1611 1196 1663 rerumrerum

69 1715 197 1770 rurum
225 1703 560 1772 Ouarsrorflonun
590 1705 819 1788 Conunnun,
838 1721 964 1772 vnum
979 1718 1193 1782 unionem-

69 1821 171 1875 cunm
185 1825 236 1876 nr
261 1825 464 1876 senatuum
476 1825 797 1876 counnuonuuun
813 1825 859 1876 nc
876 1825 1001 1876 nanno
1026 1823 1195 1875 nneorro

70 1929 206 1982 Arnum

151 2024 364 2090 Prohibitio.
399 2023 566 2107 Denique
598 2025 780 2090 Romanus
808 2025 976 2090 Pontifex
1020 2042 1195 2106 expresse

70 2135 167 2195 vetat
182 2131 494 2214 “quibuscumque
512 2133 691 2214 personis,
708 2134 966 2216 quuscumque
990 2131 1192 2213 dignitatis,

71 2238 173 2302 etiam
192 2238 398 2320 imperialis
417 2245 453 2302 et
470 2239 606 2321 regalis
630 2246 788 2303 status...
809 2239 876 2303 sub
904 2238 1193 2302 excommunica·
1253 2249 1255 2254 '

72 2343 176 2409 tionis
194 2361 330 2428 poena,
349 2363 457 2428 quam
474 2363 516 2410 eo
535 2347 626 2427 ipso,
656 2347 687 2410 si
716 2351 845 2409 contra
875 2345 1041 2425 iecerint,
1076 2344 1193 2407 incur-

71 2455 192 2515 rant...
207 2469 255 2515 ne
273 2450 321 2514 ad
338 2452 477 2516 insulas
490 2457 553 2515 aut
569 2455 687 2516 terras
705 2452 827 2515 firmas
853 2452 1022 2516 inventas
1040 2455 1077 2514 et
1093 2451 1193 2512 inve·

74 2556 223 2621 niendas
243 2558 354 2638 (intra
372 2559 505 2622 limites
522 2575 634 2641 supra
666 2559 899 2640 assignatos),
930 2575 995 2640 pro
1013 2555 1195 2620 mercibus

72 2661 246 2728 habendis
261 2664 323 2728 vel
337 2663 468 2746 quavis
485 2665 558 2728 elia
572 2665 616 2728 de
630 2681 742 2729 causa
753 2664 931 2728 accedere
944 2666 1195 2746 praesumant,

72 2768 204 2853 absque
222 2773 350 2834 vestra
369 2769 626 2834 cohaeredum
660 2776 696 2834 et
711 2787 961 2834 successorum
988 2774 1195 2833 vestrorum

71 2873 248 2961 licentia„

155 2983 234 3048 176.
284 2981 427 3047 Inimici
444 2981 602 3048 Sanctae
618 2980 733 3061 Sedis,
762 2987 963 3046 memorata
993 2981 1139 3064 aliaque
1157 2978 1195 3042 id

72 3104 181 3168 genus
199 3090 303 3153 iacta
335 3088 460 3154 dolose
492 3088 729 3170 deturpantes
747 3093 783 3152 et
799 3106 866 3152 suo
886 3089 1000 3151 lubitu
1017 3087 1194 3160 interpre-

72 3203 201 3278 tantes,
222 3193 357 3260 Christi
375 3195 541 3260 Vicarios
558 3196 704 3274 abusus,
730 3195 930 3276 injustitiae
960 3197 1069 3275 atque
1101 3192 1194 3255 arbi·

72 3303 271 3366 trarietatis
285 3302 497 3368 insimulare
511 3303 587 3367 ausi
598 3305 728 3367 suntin
742 3303 961 3384 elargiendis
973 3301 1089 3366 medio
1100 3317 1195 3364 aevo

70 3405 172 3484 juxta
204 3424 309 3473 suum
327 3409 502 3492 placitum
532 3410 667 3492 regnis,
699 3409 866 3473 dominiis
884 3408 944 3471 vel
962 3407 1195 3488 amplissimis

73 3513 196 3580 titulis:
217 3515 261 3580 de
274 3517 383 3580 abusa
396 3516 577 3580 Romanos
590 3516 783 3580 Pontifices
797 3518 984 3595 accusant,
1005 3514 1091 3596 quia
1105 3513 1192 3576 eflu-

72 3619 136 3684 tire
148 3621 270 3686 solent
286 3639 349 3685 eos
365 3621 911 3704 absquelegitimaauctoritate
926 3618 1197 3701 intemporalia

73 3727 218 3809 negotia
248 3745 329 3794 sese
360 3727 599 3792 immiscuisse
627 3745 672 3792 ac
696 3728 824 3791 civiles
851 3726 1078 3808 principatus
1112 3741 1193 3789 esse

72 3833 290 3914 moderatos;
316 3834 361 3900 de
391 3835 567 3920 injustitia
585 3838 753 3916 arguunt,
784 3833 955 3915 quoniam
982 3831 1196 3896 Pontificiae

74 3941 337 4024 concessiones,
357 3941 479 4023 prouti
492 3939 629 4022 passim
646 3939 842 4020 blaterant,
856 3939 916 4020 jus
932 3955 977 4002 ac
990 3937 1194 4001 naturalem

76 4047 288 4128 populorum
319 4047 527 4111 libertatem
560 4045 758 4125 laeserunt;
792 4043 836 4108 de
859 4041 1195 4110 arbitrarietotede·

74 4167 166 4218 mum
185 4155 365 4238 incusant,
385 4153 520 4218 etenim
549 4153 661 4235 ajunt,
681 4151 924 4233 monopolium
953 4149 1194 4214 communica-

75 4257 179 4326 tionis
196 4278 261 4326 seu
285 4259 549 4343 praerogativa
576 4257 756 4324 exclusivi
773 4255 982 4322 commercii
1000 4273 1080 4320 cum
1104 4255 1194 4319 indi·
1287 4313 1290 4320 .
