3096 4986
812 390 970 448 ..44-

330 531 533 599 Ordinariis
549 531 707 596 collatae
731 531 835 596 uobis
851 530 1022 598 videntur
1049 533 1107 596 sat
1124 529 1275 614 deliniti,
1293 529 1461 614 ideoque

330 639 495 721 quaestio
512 638 590 702 sere
603 637 736 702 soluta.

421 745 492 810 Alii
509 761 591 808 cum
618 743 673 809 Da
690 744 853 828 Angelis,
873 741 986 826 Santi,
1007 743 1195 827 Palmleri,
1220 743 1459 826 caeterisque

330 851 528 915 canonistis
545 851 581 914 in
599 847 767 914 Scholam
797 850 995 916 Romanam
1014 849 1209 933 adscriptis
1227 848 1460 914 contendunt

331 957 543 1022 facultatem
560 955 781 1037 procedendi
809 977 852 1022 aa
867 957 1058 1042 informato
1083 957 1292 1022 couscientia
1310 961 1459 1020 tantum

331 1063 510 1146 applicari
528 1079 635 1144 posse
660 1061 871 1126 criminibus
901 1062 1054 1128 occultis
1080 1081 1102 1126 a
1119 1063 1264 1128 clericis
1282 1061 1456 1144 patratis,

331 1184 472 1250 nempe,
490 1167 630 1250 quoties
644 1167 765 1250 agitur
779 1166 824 1230 de
841 1159 994 1248 peccato
1023 1172 1123 1232 carte
1141 1168 1287 1250 cognito
1304 1167 1350 1230 ab
1366 1164 1457 1248 Epi-

330 1292 455 1357 scopo,
475 1273 570 1357 quod
587 1281 709 1338 tamen
727 1273 763 1336 in
796 1273 875 1338 foro
892 1279 1045 1338 externo
1063 1273 1305 1338 demonstrari
1322 1273 1456 1354 nequit

330 1381 376 1446 ob
389 1381 570 1446 delectum
584 1381 839 1464 probationum
850 1379 1092 1462 judicialium
1108 1397 1175 1463 pro
1188 1399 1255 1446 sua
1269 1380 1458 1446 sententia

330 1489 521 1572 sequentia
553 1491 770 1570 argumenta
801 1487 996 1568 adducunt,
1029 1505 1124 1572 quae
1157 1487 1323 1570 equidem
1352 1485 1457 1550 baud

330 1595 452 1676 exigui
471 1595 642 1658 momenti
674 1594 777 1658 nobis
801 1593 983 1658 videntur:
1005 1591 1055 1658 l.⁰
1071 1593 1153 1675 ipsa
1169 1595 1285 1659 verba
1301 1592 1455 1657 Triden-

331 1699 396 1763 tini
414 1699 573 1778 Decreti,
593 1717 686 1782 quae
703 1717 783 1764 cum
798 1717 879 1781 cap.
895 1698 951 1764 Ad
968 1719 1072 1764 ouras
1085 1699 1149 1764 lib.
1167 1699 1185 1764 I
1202 1697 1454 1764 Decretalium

330 1805 606 1886 supralaudato
632 1805 768 1902 collata
795 1811 853 1870 sai
870 1805 1075 1870 luculenter
1093 1805 1288 1870 ostendunt
1315 1822 1456 1870 novam

331 1911 669 1994 praescriptionem,
688 1915 812 1994 inqua
830 1911 1002 1976 statuitur
1030 1929 1097 1994 pro
1115 1911 1258 1976 clericis
1286 1911 1455 1975 saecula·

331 2018 430 2083 ribus
450 2035 641 2100 processus
674 2019 977 2100 extrajudicialis,
996 2019 1085 2084 nibll
1114 2017 1310 2083 aliudesse
1341 2035 1455 2100 quam

331 2125 606 2206 ampliationem
639 2142 703 2188 seu
736 2127 987 2189 extensionem
1016 2125 1108 2208 legis
1137 2143 1203 2210 pro
1220 2124 1455 2208 regularibus

330 2235 416 2296 ante
432 2231 681 2295 Tridentinum
699 2231 868 2311 vigentis3
884 2232 961 2311 iam
981 2249 1071 2296 vero
1087 2231 1110 2296 J
1113 2250 1153 2296 us
1172 2229 1367 2298 Commune
1384 2227 1454 2295 Or·

330 2336 473 2401 dinibus
490 2337 681 2418 Religiosis
698 2336 957 2418 applicandum
984 2337 1094 2419 iuxta
1123 2339 1280 2402 omnium
1299 2353 1453 2401 consen·

329 2459 407 2506 sum
425 2441 559 2506 delicta
577 2442 722 2508 occulta
739 2449 881 2506 tantum
910 2443 1142 2526 respiciebat;
1173 2443 1194 2508 J
1199 2461 1238 2508 us
1258 2443 1368 2526 igitur
1380 2441 1453 2508 No·

330 2549 516 2612 vissimum
535 2567 643 2614 sensu
671 2550 782 2614 etiam
810 2549 1017 2614 restrictivo
1047 2550 1363 2632 interpretandum
1377 2557 1450 2616 est:

329 2651 382 2716 2.⁰
398 2661 566 2717 recentes
594 2655 796 2720 decisiones
828 2654 964 2720 Sacrae
990 2653 1293 2739 Congregationis
1323 2655 1452 2722 Conci-

330 2759 367 2824 lii
387 2761 434 2843 tl)
452 2762 571 2826 uullas
589 2762 819 2828 declarantes
838 2765 1022 2848 (apposita
1039 2765 1148 2830 ctiam
1166 2767 1323 2832 formula
1338 2767 1451 2848 signi·
1533 2833 1534 2837 ,

329 2865 479 2930 ficativa
495 2871 648 2952 nepetino
665 2871 876 2955 etamplius)
902 2873 1158 2953 suspensiones
1177 2891 1223 2939 ex
1250 2873 1451 2938 informata

330 2973 553 3036 conscientia
568 2973 604 3038 in
620 2975 740 3040 causis
757 2977 857 3040 circa
875 2979 1021 3058 publica
1037 2979 1191 3043 crimina
1216 2979 1451 3044 versantibus

329 3077 497 3159 inflictas,
531 3081 617 3162 quin
650 3097 718 3145 nec
749 3082 860 3146 ullum
890 3083 1034 3165 quidem
1061 3084 1233 3150 delictum
1267 3085 1451 3150 occultum

329 3183 487 3265 adesset,
509 3187 611 3267 cujus
628 3187 666 3252 vi
683 3185 884 3270 Episcopus
901 3189 1232 3272 extrajudicialiter
1249 3191 1451 3273 procedere

330 3303 464 3372 posset:
482 3291 535 3356 3.⁰
553 3299 706 3358 mentem
721 3295 948 3360 sacrosancti
964 3295 1131 3378 Concilii,
1145 3315 1240 3381 quae
1257 3298 1451 3382 proculdu-

330 3397 388 3460 bio
405 3399 476 3461 sita
491 3404 546 3462 est
573 3401 610 3463 in
635 3400 836 3482 supplendo
863 3401 883 3464 J
889 3401 961 3466 uris
991 3402 1137 3468 defectu
1155 3421 1220 3486 pro
1249 3405 1395 3470 casibus
1412 3406 1452 3470 in

330 3503 480 3586 antiqua
506 3505 735 3586 legislatione
752 3507 897 3570 minime
915 3509 1108 3586 contentis,
1129 3516 1167 3574 ut
1183 3511 1235 3574 ita
1259 3511 1451 3593 praepedi·
1531 3549 1532 3552 =

330 3613 430 3673 retur
447 3619 680 3691 peccatorum
699 3613 966 3694 multiplicatio;
985 3615 1049 3680 sed
1068 3615 1221 3680 crimina
1237 3615 1384 3699 publica
1412 3618 1452 3682 in

331 3713 421 3780 Jure
452 3713 700 3782 Decretalium
730 3719 806 3800 jam
837 3722 1010 3802 praevisa
1041 3726 1159 3804 erant,
1193 3739 1332 3806 proque
1359 3723 1451 3806 ipsis

329 3821 520 3906 puniendis
540 3823 729 3888 methodus
745 3827 965 3908 processalis
984 3829 1214 3912 praescripta
1230 3829 1449 3910 habebatur,
1530 3863 1531 3868 κ

329 3933 439 4011 atque
463 3929 610 3994 aliunde
627 3931 882 4014 multiplicatio
909 3939 1142 4015 peccatorum
1160 3953 1276 4019 aeque
1299 3935 1449 4018 impedi·

330 4120 515 4132 ——-

400 4285 439 4353 (ll
477 4285 560 4340 Oonl.
575 4285 646 4340 Acta
659 4285 774 4342 Sanciae
785 4287 866 4344 Sedis
875 4292 905 4344 ln
919 4289 1120 4358 compendium
1131 4290 1254 4361 redacta,
1265 4291 1320 4348 vol.
1335 4291 1377 4346 14.
