3028 4992
534 369 712 428 -383-

84 507 210 590 ipsimet
225 510 359 575 nostris
386 510 500 574 oculis
530 511 692 594 quotidie
720 511 963 593 conspicimus
996 514 1179 595 nationes,

9 663 16 687 ,
83 633 161 696 quae
174 617 310 681 viribus
327 618 570 700 praepollent,
589 619 654 684 vix
670 624 733 683 aut
749 637 794 684 ne
813 620 875 684 vix
906 619 1053 702 quidem
1084 621 1184 685 intra

84 723 204 804 proprii
220 724 364 806 imperii
394 725 527 790 limites
561 726 752 806 contineri,
770 727 835 790 sed
867 733 972 792 aestu
1004 727 1183 792 dilatandi

82 828 299 893 suademinia
311 829 438 894 ductas
450 831 488 894 iu
501 831 612 896 alieni
624 831 866 915 direptionem
879 831 1056 897 devenire
1070 839 1183 915 atqua

82 933 111 996 in
124 934 290 1016 abyssum
306 937 422 1000 omnis
434 936 562 1018 flagitii
580 943 616 1001 et
631 939 832 1018 injustitiae
849 939 1070 1019 praecipites
1101 945 1182 1003 rue·

82 1055 123 1120 re3
135 1047 294 1106 attamen
307 1049 590 1108 consentaneum
608 1044 712 1108 nobis
727 1045 873 1108 videtur
890 1051 1091 1126 praecepta
1110 1052 1182 1108 tra·

81 1145 164 1228 dere,
179 1165 274 1230 quae
287 1166 352 1230 pro
363 1149 505 1230 justitia
517 1151 791 1214 internetionali
803 1151 988 1216 servanda
999 1158 1036 1215 et
1049 1153 1183 1216 mutuis

80 1250 300 1318 humanitatis
317 1256 446 1320 officiis
462 1257 557 1320 inter
570 1263 697 1338 gentes
716 1256 957 1338 adimplendis
975 1275 1065 1339 prae
1100 1275 1183 1322 ocu·

80 1357 115 1422 lis
129 1359 254 1424 baberi
272 1361 417 1442 debent,
437 1363 583 1444 quippe,
602 1380 852 1445 quaecumque
869 1364 941 1427 sint
973 1365 1184 1445 perniciosa

80 1473 213 1531 nostrae
229 1467 362 1532 aetatis
379 1469 560 1550 exempla,
579 1477 773 1551 utcumque
803 1469 972 1533 fortiores
1005 1470 1187 1551 cupidita·

79 1579 142 1636 tum
153 1573 289 1638 stimuli
305 1582 415 1656 atque
432 1575 727 1657 frequentissima
743 1575 915 1656 propriae
941 1575 1107 1638 utilitatis
1134 1575 1190 1640 in·

79 1677 274 1759 citamenta,
294 1680 417 1761 magni
435 1681 606 1744 momenti
624 1699 703 1745 esse
720 1681 884 1745 ducimus
901 1681 1014 1746 semel
1048 1698 1093 1745 ao
1122 1682 1187 1746 ite-

78 1801 147 1848 rum
162 1785 389 1868 Principibus
407 1793 442 1850 et
466 1785 658 1852 Guberniis
686 1789 899 1868 patefacere
931 1795 967 1851 et
991 1788 1186 1852 inculcare

79 1896 217 1956 aeterna
232 1897 270 1957 et
281 1893 521 1958 immutabilia
539 1894 731 1975 principia,
751 1910 845 1975 quae
858 1894 1049 1957 anaturali
1060 1895 1185 1975 aequi·

79 2003 144 2061 tate
156 2016 197 2062 ac
210 2004 310 2063 recto
329 2000 455 2063 ordine
472 2001 783 2082 praescribuntur,
803 2006 840 2063 ut
858 2001 909 2062 ita
926 2001 1103 2064 neoterici
1123 2017 1187 2080 po·

79 2103 168 2184 litici,
183 2105 348 2186 justitiae
364 2107 639 2171 conculcatores
653 2112 689 2170 et
701 2107 822 2188 legum
846 2106 1186 2172 internationalium

79 2210 275 2294 violatores,
300 2213 360 2277 vel
377 2232 398 2277 a
414 2214 646 2295 gravioribus
658 2214 800 2294 injuriis
816 2213 1015 2278 inferendis
1035 2231 1186 2278 arcean-

79 2323 138 2398 tur,
156 2319 214 2382 vel
232 2319 362 2384 saltem
381 2321 561 2384 communi
578 2321 739 2402 gentium
769 2311 1043 2402 vituperatione
1072 2325 1184 2402 atque

79 2431 276 2510 contemptu
293 2429 502 2510 puniantur.

153 2533 207 2598 51.
258 2531 388 2599 Officia
406 2535 541 2616 passim
554 2534 663 2598 tribui
679 2534 810 2598 solent:
826 2533 878 2596 1.⁰
898 2533 936 2596 in
960 2533 1118 2598 absoluta
1147 2535 1185 2596 et

78 2633 292 2722 hypothetica3
306 2641 463 2706 absoluto
481 2657 574 2724 qnae
591 2642 629 2704 vl
644 2641 755 2704 solius
772 2643 938 2718 naturae,
960 2639 1059 2703 nullo
1089 2639 1185 2720 posi·

7 2753 9 2840 t
80 2745 225 2825 tolacto,
241 2753 444 2829 emergunt3
463 2747 679 2832 hypothetica
703 2763 797 2828 quae
821 2763 867 2809 ex
899 2745 1093 2827 hypothesi
1122 2745 1190 2809 ali-

7 2853 9 2926 i
79 2851 275 2931 cujusfacti
302 2861 536 2918 enascuntur:
569 2853 622 2916 2.⁰
654 2853 812 2918 absolata
836 2852 1158 2916 subdividuntur
1149 2871 1187 2915 tn

7 2939 9 3034 Ι
74 2959 219 3042 perfecto
252 2968 289 3024 et
312 2961 528 3044 imperfecta
564 2959 731 3022 dicuntur
751 2966 909 3043 perfecta
938 2959 1003 3021 illa
1034 2975 1188 3039 quorum

7 3085 8 3090 ¹
79 3065 268 3142 praestatio
283 3065 388 3130 titulo
413 3066 568 3146 Juridico
596 3065 774 3144 innititur,
793 3073 829 3128 et
863 3065 899 3128 vi
933 3064 1058 3128 adhita
1085 3065 1185 3144 exigi

79 3179 229 3248 possunt:
249 3173 454 3258 imperfecta
470 3189 559 3236 vero
572 3171 636 3234 illa
653 3189 805 3253 quorum
823 3170 1032 3234 observatio
1047 3169 1184 3232 motivo

80 3271 330 3342 beneficentiae
362 3279 424 3342 vel
455 3277 644 3342 charitatis
676 3283 818 3341 tanturn
847 3277 1007 3356 fulcitur,
1039 3279 1075 3338 et
1099 3275 1187 3338 licet

79 3384 245 3459 postulari
263 3389 412 3466 queant,
427 3385 573 3448 minime
588 3389 709 3448 autem
729 3383 826 3464 exigi
844 3383 981 3446 valent:
1000 3379 1052 3444 3.⁰
1065 3382 1188 3464 perse·

79 3495 127 3551 cto
140 3487 253 3554 denuo
270 3490 402 3571 partiri
414 3495 564 3572 pessunt
577 3490 613 3554 in
626 3491 785 3574 nepetino
799 3493 835 3552 et
843 3488 1012 3571 positiva·
1025 3488 1186 3570 nepetino

78 3596 303 3676 appellantur
316 3614 410 3678 quae
424 3596 617 3676 prohibent
634 3614 679 3660 ne
692 3596 787 3658 alter
803 3593 912 3656 alteri
928 3599 1073 3674 noceat,
1092 3593 1191 3656 ideo-

80 3715 141 3779 que
156 3703 224 3767 sita
241 3709 325 3768 sunt
342 3703 607 3766 inreverentia
627 3703 769 3784 juribus
786 3699 915 3764 alienis
939 3699 1074 3778 debita;
1096 3701 1194 3782 posi·

79 3811 142 3872 tica
155 3827 247 3891 quae
259 3810 391 3891 jubent
407 3817 446 3871 ut
459 3809 541 3872 aliis
557 3809 842 3886 benefaciamus,
861 3811 972 3888 atque
996 3805 1132 3868 idcirco
1152 3806 1191 3867 in

79 3915 203 3979 auxilio
217 3915 428 3998 praebendo
447 3921 510 3978 aut
526 3914 767 3978 beneficentia
784 3929 873 3993 erga
891 3911 982 3976 alios
996 3921 1186 3992 praestan-

79 4015 119 4080 da
136 4023 348 4086 consistunt.

158 4127 212 4192 52.
260 4128 303 4192 In
320 4128 446 4210 primis
463 4127 558 4191 enim
586 4125 708 4190 Status
737 4124 957 4189 adinvicem
975 4123 1188 4187 devinciun-

80 4233 129 4294 tur
144 4235 347 4300 arctissimo
365 4252 462 4298 nexu
479 4233 693 4314 officiorum,
709 4249 802 4314 quae
819 4233 979 4316 repatioo
993 4237 1187 4310 vocantur;
