3062 4994
21 297 25 406 l

21 537 24 658 i

560 401 738 460 -173-

96 539 146 604 ris
160 542 271 606 omnis
285 543 324 607 in
347 539 551 607 Ecclesiam
576 545 729 626 feratur,
747 545 867 610 nullus
898 545 1000 610 locus
1017 545 1209 610 dubitandi

21 709 23 720 ,
96 647 311 730 relinquitur,
329 649 418 732 quin
437 647 579 730 jnrlbus
605 649 793 716 Ecclesiae
822 651 1079 733 adversentur,
1100 657 1211 734 atque

21 783 23 864 s
96 771 275 836 supremae
302 755 382 838 ejus
407 756 618 821 auctoritati
645 757 903 839 gravissimam
929 758 1101 840 injuriam
1120 759 1210 822 irro-

21 865 23 884 '
96 865 186 941 gent.
236 921 241 932 ,

192 966 244 1032 2.⁰
288 967 523 1033 Manifestum
535 967 645 1032 etiam
662 973 718 1037 eet
746 967 955 1051 praedictas
980 967 1081 1052 leges
1101 971 1209 1056 justi·

94 1073 153 1137 lios
165 1073 304 1139 directe
314 1073 508 1156 refragari,
537 1075 617 1138 sive
644 1079 856 1158 spectentur
889 1075 1001 1156 cives,
1031 1076 1112 1140 sive
1129 1076 1212 1159 ipsa

94 1177 247 1244 Ecclesia
263 1179 487 1245 attendatur:
506 1181 664 1262 injustae
681 1199 829 1264 prorsus
842 1185 927 1245 sunt
954 1180 1081 1248 habita
1100 1183 1209 1247 ratio-

94 1301 132 1348 ne
144 1285 289 1368 civium,
308 1287 407 1370 quia,
440 1285 524 1350 dnm
542 1287 679 1368 privati
707 1295 859 1370 possunt
876 1305 935 1354 res
954 1306 1092 1370 omnes,
1124 1306 1210 1372 qua·

94 1407 162 1456 rom
178 1392 376 1458 dominium
390 1392 538 1473 habent,
554 1393 729 1474 alienare,
749 1393 902 1475 donare,
921 1398 1141 1458 testamento
1154 1410 1208 1458 re·

93 1498 260 1582 linquere,
279 1504 390 1583 atque
406 1501 528 1580 etiam,
559 1507 667 1582 prout
685 1502 730 1566 iis
747 1501 906 1583 libuerit,
944 1518 1157 1566 consumere
1174 1505 1223 1566 et·

94 1603 306 1689 disperdere,
321 1607 513 1672 dummodo
531 1625 575 1672 ne
592 1609 629 1672 in
646 1607 830 1673 Ecclesiae
848 1613 885 1673 et
901 1607 1001 1673 Loca
1031 1609 1091 1690 pia
1109 1607 1209 1690 quid·

95 1729 191 1793 quam
205 1715 352 1778 omnino
369 1715 576 1795 conterant,
606 1715 694 1797 ipsis
723 1714 895 1779 adimitur
913 1714 1031 1778 libera
1047 1719 1211 1797 potestas

93 1835 151 1882 sua
167 1821 261 1884 bona
278 1820 340 1884 vel
352 1821 463 1884 ullam
477 1821 651 1885 bonorum
665 1839 811 1885 suorum
827 1825 969 1903 partem
988 1821 1210 1885 transferen-

95 1923 125 1988 di
138 1925 172 1990 in
190 1925 389 2008 Ecclesiae,
408 1928 612 2010 Religiosas
634 1927 912 1992 Adsociationes
929 1927 992 1992 vel
1008 1927 1091 1992 Piae
1120 1925 1210 1992 Cau-

94 2047 157 2113 sas;
173 2032 333 2112 injustae
346 2051 492 2116 quoque
509 2033 652 2098 censeri
668 2033 802 2098 debent
829 2034 957 2098 habita
974 2033 1119 2098 ratione
1145 2031 1209 2097 Ec·

95 2136 233 2222 clasiae,
251 2121 309 2203 oni
326 2138 584 2220 impedimento
602 2145 698 2220 sunt,
718 2140 908 2222 quominus
920 2140 1003 2222 jure
1021 2139 1210 2220 acquiren-

95 2239 173 2306 diet
185 2241 396 2326 possidendi
412 2244 484 2308 frui
502 2244 628 2326 possit,
650 2245 746 2328 quod
779 2244 936 2327 quidem,
964 2245 1015 2308 uti
1043 2243 1212 2325 superius

95 2349 320 2432 ostendimus,
338 2350 535 2414 notissimis
554 2352 655 2436 juria
679 2351 867 2433 principiis
897 2353 934 2415 et
963 2348 1212 2431 irrefragabili

94 2451 249 2521 lictor-ica
266 2455 472 2520 testimonio
491 2457 602 2538 plane
619 2461 811 2540 repugnat.

171 2561 225 2626 3.⁰
272 2561 427 2644 Insuper
439 2567 663 2628 memoratae
676 2563 777 2645 leges
790 2563 979 2628 Ecclesiae
991 2562 1211 2644 libertatem,

95 2666 235 2750 ejusque
251 2685 396 2732 sacram
420 2668 686 2734 immunitatem
717 2673 845 2752 aperte
876 2669 1036 2750 laedant·
1060 2669 1208 2752 etenim,

94 2779 191 2852 prout
208 2773 364 2838 disserte
381 2774 433 2838 ait
459 2773 621 2857 Pirhing:
643 2773 727 2840 “illa
757 2780 841 2840 sunt
857 2780 987 2840 contra
1003 2775 1212 2840 libertatem

95 2875 333 2944 Ecclesiarum
356 2883 394 2944 et
410 2897 648 2962 personarum
666 2881 1012 2962 ecclesiasticarum,
1031 2899 1097 2965 per
1114 2898 1211 2964 quae

95 2999 158 3050 non
172 2991 314 3050 tantum
326 2986 511 3052 violantur
525 2987 819 3070 privilegiaipsis
832 3005 1007 3053 concessa
1017 2989 1100 3069 jnre
1115 3006 1211 3052 oom-

100 3092 190 3156 mnni
206 3091 379 3174 positivo,
397 3091 476 3156 sive
493 3093 683 3174 canonico,
698 3093 778 3158 siva
790 3093 903 3174 civili,
922 3093 987 3158 sed
998 3095 1120 3174 etiam,
1140 3094 1211 3158 imo

97 3197 198 3262 multo
222 3198 354 3280 magis,
371 3215 437 3280 per
454 3216 548 3281 quae
561 3200 775 3264 auferuntur
794 3199 968 3265 Ecclesiis
981 3205 1018 3264 et
1031 3199 1210 3264 Ecclesia·

97 3303 188 3368 sticis
204 3304 373 3386 personis
386 3304 481 3387 jura,
500 3305 698 3389 quaeipsis
714 3307 795 3390 jure
813 3306 949 3388 divino,
966 3323 1031 3370 seu
1052 3305 1213 3370 naturali

96 3413 128 3472 at
141 3412 298 3492 gentium
316 3417 539 3494 competunt,
567 3413 647 3477 sive
675 3431 731 3494 ea,
765 3430 860 3496 quae
888 3412 976 3494 ipsis
1008 3411 1214 3476 communia

96 3524 171 3581 sunt
182 3536 263 3584 cum
280 3517 363 3582 aliis
377 3519 546 3584 membris
563 3520 789 3603 reipublicae
803 3519 912 3584 etiam
927 3519 1043 3582 laicis.
1060 3517 1130 3583 Sed
1146 3535 1213 3601 per

96 3622 196 3688 talem
212 3624 334 3706 legem
351 3625 657 3706 (canonizationis)
684 3626 745 3691 vel
777 3630 951 3690 statutum
968 3624 1038 3689 hoo
1054 3624 1105 3706 fit3
1125 3643 1213 3708 ergo

98 3741 156 3807 per
168 3729 257 3795 illud
270 3729 468 3812 derogatur
484 3731 647 3796 libertati
659 3731 908 3796 Ecclesiarum
922 3735 959 3796 et
972 3747 1210 3813 personarum

97 3834 423 3900 ecclesiasticarum
439 3837 549 3902 etiam
567 3838 739 3921 naturali,
758 3837 837 3903 sive
855 3853 948 3920 quae
957 3837 1041 3918 jnre
1054 3837 1216 3901 naturali

98 3944 131 4002 et
144 3943 302 4023 gentium
318 3941 408 4024 ipsis
423 3944 617 4030 competit,
636 3948 648 4026 l
672 3946 698 4025 ).

103 4085 252 4100 Q...

98 4213 200 4350 ll,§(·r¹,)
237 4212 347 4270 Comm.
360 4214 389 4268 in
403 4217 528 4284 quinque
541 4215 590 4270 lib.
606 4217 715 4270 Decret.
728 4215 765 4270 ad
777 4215 821 4276 tit.
833 4213 866 4270 dc
879 4213 1128 4287 demutationibus,
1141 4219 1210 4270 sect.
