3062 4994
540 354 661 414 -1'43
682 386 722 402 .-

87 513 171 562 mum
194 497 355 564 cilicium
381 496 544 562 tuitionis
572 497 762 564 Eccleslae
788 513 1052 580 sacrorumque
1083 513 1193 562 cano·

86 621 158 668 num
173 603 364 668 catholicis
390 603 620 686 Principibus
637 602 909 686 demandatum,
938 623 1022 688 qaos
1050 605 1197 685 scilicet,

87 710 192 792 prouti
219 709 328 774 docet
354 708 569 776 Tridentina
598 708 778 792 Synodus,
811 709 909 776 Deus
940 719 1083 777 sanotae
1112 710 1197 796 fidei

86 815 312 900 amansque
333 823 548 900 protectores
559 835 631 882 esee
645 815 753 882 soluit
765 815 826 896 (1),
838 813 956 896 Reges
971 831 1017 880 ac
1030 814 1196 880 Summos

86 920 299 1003 imperantes
314 939 362 986 ex
378 921 557 986 tutoribus
573 921 805 1003 legislatores
820 921 974 1002 faciunt3
991 924 1029 986 et
1045 938 1111 1002 pro
1129 937 1198 986 sua

87 1027 255 1092 sententia
288 1027 579 1094 constabiliendo
611 1028 657 1093 ad
689 1028 790 1092 facta
823 1027 934 1092 etiam
967 1027 1197 1110 confugiunt,

88 1134 271 1200 afferentes
289 1133 556 1217 Imperatorum
568 1135 750 1218 exempla,
777 1135 839 1217 qui
864 1136 947 1217 jure
965 1135 1129 1202 tuitionis
1146 1135 1201 1200 in·

87 1240 151 1304 nixi
166 1240 210 1306 ds
233 1245 388 1306 externa
413 1241 606 1324 disciplina
633 1242 735 1324 leges
767 1241 943 1325 tulerunt,
979 1242 1197 1324 praesertim

89 1363 162 1412 vero
178 1348 318 1414 factum
328 1347 436 1412 toties
453 1349 603 1414 citatum
619 1347 640 1412 J
644 1347 894 1430 ustiniani‚qui
907 1349 945 1413 in
958 1349 1137 1430 rescripto
1151 1347 1200 1414 ad

88 1451 279 1518 Decianum
295 1453 568 1537 Metropolitum
593 1455 730 1521 Bizacii
745 1455 783 1520 in
810 1454 936 1521 Africa
963 1457 1023 1536 jus
1039 1455 1199 1538 discipli·

88 1583 140 1626 aas
151 1563 188 1628 ia
203 1562 330 1626 melias
345 1562 523 1646 aapeadae
539 1562 609 1627 sibi
626 1561 844 1628 vindicavit.

161 1668 217 1732 84.
267 1667 457 1734 Adversus
473 1672 671 1734 novatores
688 1685 826 1749 omnes,
855 1668 1115 1750 cujuscumque
1140 1683 1202 1750 ge·

88 1773 172 1838 neris
188 1779 226 1838 et
241 1774 398 1840 nominis
415 1776 499 1856 siut,
520 1775 580 1856 qui
597 1773 825 1856 Principibus
842 1773 1004 1840 tribuere
1021 1779 1204 1839 conantur

87 1879 135 1960 jus
151 1881 252 1962 leges
269 1879 451 1946 condendi
464 1880 563 1946 circa
578 1897 638 1946 res
650 1879 843 1962 religiosas
859 1888 1035 1964 aeternas,
1050 1897 1205 1962 sequen·

90 1987 151 2050 tem
162 1987 384 2052 adstruimus
397 1987 694 2069 propositionem:
713 1987 892 2053 Institutio
918 1995 1019 2071 atque
1047 1987 1203 2052 modera-

91 2115 154 2160 men
164 2095 387 2180 Discipiiaae
399 2102 561 2160 salernas
578 2115 758 2180 supremae
775 2095 951 2160 Ecclesiae
961 2095 1130 2179 potestati
1146 2113 1205 2158 ea·-

90 2200 204 2268 clusiao
217 2203 390 2284 competit.
406 2201 606 2266 Veritatem
621 2201 733 2266 thesis
746 2202 965 2266 enunciatae
979 2199 1206 2282 argumentis

92 2323 129 2370 ex
142 2306 254 2374 Sacra
271 2305 470 2390 Scriptura,
485 2307 668 2372 catholica
681 2307 891 2389 traditione,
907 2307 1074 2372 doctriua
1090 2305 1205 2370 Theo·

91 2411 256 2496 iugorum,
275 2413 504 2478 confossione
521 2413 817 2479 adversariorum
837 2419 947 2495 atque
965 2413 1046 2494 ipsa
1061 2411 1206 2476 ratione

91 2516 277 2602 desumptis
291 2519 476 2586 levissime
491 2519 734 2600 ostendemus,
749 2537 829 2584 cum
848 2519 893 2584 de
906 2519 977 2584 hac
987 2517 1206 2600 disquisitio·

92 2625 174 2690 uein
186 2625 344 2692 decursu
360 2626 476 2690 nostri
489 2623 619 2708 Operis
636 2625 783 2707 saepius
813 2631 850 2690 et
876 2623 1136 2708 superabunde
1153 2615 1207 2690 lo·

93 2731 182 2810 quuti
197 2732 322 2797 simus.

168 2837 366 2922 Scriptura.
385 2835 521 2904 Sacrae
547 2837 711 2903 Litterae
735 2837 964 2920 apertissime
997 2837 1130 2903 docent
1147 2854 1208 2902 au·

93 2957 221 3008 ramae
237 2943 402 3024 regimen
433 2943 623 3008 christiani
651 2944 777 3025 populi
803 2943 911 3010 Petro
942 2948 978 3008 et
1007 2943 1206 3025 Apostolis,

94 3061 278 3133 eorumque
291 3047 568 3114 Successoribus
581 3049 753 3115 traditum
767 3049 813 3113 ab
827 3049 907 3131 ipso
922 3047 1065 3114 Christo
1080 3048 1207 3129 fuisse;

95 3159 194 3238 atque
205 3155 344 3220 Doctor
360 3155 522 3238 gentium
537 3155 742 3230 luculenter
759 3159 795 3222 et
812 3155 1059 3238 peremptorie
1078 3151 1205 3218 edixit:

95 3259 238 3345 Spiritus
245 3263 518 3348 Sanctasposuit
526 3263 718 3348 Episcopus
731 3283 847 3348 repere
860 3263 1054 3329 Ecclesiam
1066 3262 1136 3328 Dei
1146 3262 1208 3342 (2):

96 3385 182 3434 nunc
197 3389 300 3453 vero,
318 3369 487 3436 Ecclesia
502 3389 575 3436 non
598 3371 678 3435 sola
693 3369 779 3436 fidei
802 3386 1015 3452 morumque
1042 3368 1211 3434 doctrina

96 3475 233 3558 regitur,
262 3476 328 3544 sed
356 3477 507 3560 insuper
534 3477 676 3560 legibus
696 3477 925 3559 disciplinae;
958 3477 1067 3540 immo
1097 3474 1210 3540 etiam

97 3593 236 3646 uuonan
251 3583 400 3665 proprie
418 3601 462 3648 ac
478 3599 566 3650 vere
597 3581 779 3664 significat
802 3582 977 3664 ordinare,
1006 3582 1210 3667 peberaare,

96 3686 274 3768 aedmeri,
303 3705 399 3770 quae
425 3687 593 3771 equidem
616 3687 664 3752 ad
688 3691 880 3754 externam
907 3685 1213 3770 gubernationem

98 3797 267 3874 spectant.

183 3900 350 3968 liaditio.
369 3900 425 3966 Ex
451 3899 727 3984 quamplurimis
751 3899 977 3982 sincerisque
993 3896 1103 3964 totius
1119 3896 1214 3961 enti·

101 4051 276 4068 ...ἡ

164 4172 202 4238 tl)
236 4171 309 4228 sess.
319 4172 416 4242 xxv,
428 4189 490 4241 cap.
505 4171 687 4242 xxanes.

166 4245 207 4312 (Ἃ)
243 4247 301 4299 dcl.
316 4245 455 4314 capilli„
468 4261 496 4299 v.
508 4245 552 4300 28.
729 4277 734 4286 .
