3058 4994
793 385 974 444 ..450-

323 527 598 593 fundamentum
630 526 752 609 baben
787 527 958 593 mediatio
991 529 1029 593 in
1060 527 1249 594 voluntate
1283 529 1438 610 partium

323 643 402 698 tota
416 634 594 698 innititur:
615 630 639 716 ¹)
654 635 857 716 subjectum
875 635 1074 700 arbitratus
1092 651 1173 699 esse
1197 642 1349 718 possunt
1367 645 1440 700 tum

323 740 451 804 Status
463 747 537 804 tum
556 739 651 804 aliae
669 740 963 822 personalitates,
983 741 1066 805 dum
1084 741 1185 806 vices
1202 740 1441 806 mediatorum

323 846 446 911 Status
465 853 605 910 tantum
622 863 752 927 gerere
769 846 908 911 valent.

413 953 488 1016 118.
537 951 641 1032 Quod
669 952 716 1016 ad
744 959 912 1017 naturam
932 952 1129 1034 juridicam
1145 952 1345 1016 arbitratus
1363 969 1440 1035 spe·

324 1065 412 1140 ctat,
431 1058 501 1124 hcc
525 1057 816 1124 efficacissimum
840 1059 997 1124 medium
1025 1075 1154 1140 pacem
1182 1059 1440 1124 internetione·

324 1166 395 1232 lem
422 1165 596 1230 servandi
625 1172 735 1247 atque
759 1165 883 1230 tuendi
900 1165 976 1230 vim
1005 1181 1106 1229 suam
1136 1183 1181 1230 ex
1198 1167 1440 1249 compromisso

323 1279 520 1352 mutuatur,
539 1270 576 1336 id
593 1277 659 1353 ost,
680 1289 726 1336 ex
744 1273 914 1354 pactione
942 1271 1095 1336 solemni
1124 1273 1219 1338 inter
1243 1271 1368 1336 Status
1393 1272 1439 1336 di·

324 1384 532 1461 sceptantes
549 1375 675 1442 habita
692 1377 939 1442 committendi
955 1396 1042 1459 ergo
1056 1379 1280 1461 quaestionis
1298 1377 1439 1442 solutio·

324 1502 405 1548 nem
424 1485 589 1566 personis
608 1483 853 1566 singularibus
865 1485 927 1548 vel
945 1485 1159 1568 collectivis,
1175 1503 1270 1568 quae
1287 1502 1439 1549 commu·

324 1591 361 1654 ni
378 1607 545 1654 sermone
562 1591 689 1654 arbitri
707 1591 952 1672 appellantur.

412 1697 455 1760 In
468 1703 575 1778 pacto
587 1699 867 1778 compromissae
879 1698 1101 1779 stipulantur
1114 1698 1221 1762 bases
1234 1699 1438 1778 arbitratus,

325 1803 556 1872 constituitur
573 1801 747 1868 Tribunal
765 1803 953 1883 arbitrale,
972 1803 1236 1868 determinatur
1253 1805 1334 1884 ejus
1351 1822 1439 1868 com·

324 1909 500 1991 petentia,
526 1908 695 1972 delinitur
724 1909 812 1974 ordo
841 1911 1061 1990 processalis
1089 1910 1307 1992 sequendus,
1328 1911 1439 1974 sanci-

324 2026 383 2079 tur
399 2015 573 2096 obligatio
590 2016 696 2080 inodo
721 2035 784 2080 sen
802 2015 976 2082 decisioni
994 2017 1161 2080 arbitrali
1179 2015 1314 2098 standi,
1336 2025 1438 2099 atque

324 2123 556 2188 nominantur
584 2123 724 2205 arbitri,
751 2124 811 2204 qui
841 2123 979 2188 desumi
996 2123 1122 2187 valent
1145 2124 1225 2188 sive
1253 2141 1300 2187 ex
1325 2123 1437 2190 Mode-

324 2228 506 2292 ratoribus
535 2227 698 2292 Statuum
724 2228 994 2310 (Imperatores,
1021 2228 1138 2310 Reges
1168 2230 1228 2293 vel
1253 2229 1436 2294 Praesides

324 2333 573 2415 Reipublicae)
592 2350 672 2398 cum
690 2333 867 2398 facultate
896 2333 1102 2416 delegandi,
1121 2335 1208 2399 licet
1224 2335 1435 2417 subscriptio

324 2439 528 2503 sentcntiae
547 2457 671 2503 eornm
699 2441 843 2504 nomine
862 2441 940 2504 fleri
965 2441 1084 2520 debet;
1104 2441 1183 2504 sive
1210 2459 1256 2504 ex
1273 2439 1436 2506 (lactibus

325 2547 553 2627 officialibus,
584 2547 634 2610 uti
663 2547 851 2610 Tribunali
879 2545 1065 2628 Supremo,
1095 2544 1257 2612 Comitiis
1288 2548 1435 2628 alicujus

324 2653 495 2734 nationis;
515 2655 594 2718 sive
618 2671 664 2718 ex
682 2651 1005 2735 corporationibus
1025 2653 1364 2736 extraoftioialibus,
1382 2671 1435 2718 ve·

324 2759 379 2822 lut
407 2759 667 2839 Universitate,
696 2758 889 2824 Facultate
920 2758 1019 2823 Juris
1052 2765 1115 2823 aut
1144 2761 1218 2824 alia
1246 2760 1436 2826 Academia

324 2865 537 2946 scientifica;
552 2867 630 2930 sive
645 2865 786 2930 demum
804 2883 850 2930 ex
867 2865 1022 2946 privatis
1040 2871 1151 2948 atque
1168 2865 1434 2948 spectatissimis

324 2973 503 3056 personis,
534 2979 621 3055 puta
654 2973 811 3056 egregiis
840 2973 1111 3054 jurisconsultis
1143 2979 1208 3037 ant
1242 2972 1434 3055 praeclaris

325 3079 580 3160 diplomaticis.

415 3184 490 3249 119.
540 3184 641 3264 Quae
658 3202 738 3248 cum
765 3185 817 3248 ita
845 3185 928 3266 sint,
949 3185 1058 3266 plane
1086 3183 1242 3248 infertur
1269 3179 1433 3248 Tribunal

325 3291 501 3356 arbitrale
530 3309 575 3354 ex
607 3309 763 3372 persona
788 3292 849 3354 vel
878 3291 1042 3372 personis
1074 3291 1236 3372 conflari,
1267 3308 1361 3373 quae
1383 3289 1433 3352 de-

324 3399 509 3479 legatione
533 3397 697 3462 Statuam
726 3397 1019 3462 contendentium
1037 3399 1255 3462 auctoritate
1284 3398 1432 3462 munitae

325 3511 408 3568 sunt
436 3504 692 3585 cognoscendi,
707 3503 895 3584 judicandi
923 3515 1034 3586 atque
1052 3504 1270 3568 sententiam
1287 3501 1430 3568 ferendi.

323 3610 509 3691 Ejusmodi
527 3611 701 3676 Tribunal
729 3627 808 3674 esse
833 3617 953 3692 potest
981 3611 1240 3694 unipersonale
1257 3611 1317 3677 vel
1335 3609 1432 3675 colle·

325 3719 475 3799 gistum,
495 3724 603 3798 prout
621 3735 692 3782 una
708 3725 849 3781 tantum
874 3735 1032 3798 persona
1049 3717 1236 3782 coalescat
1252 3719 1313 3782 vel
1330 3715 1431 3782 variis

324 3824 495 3888 membris
520 3829 769 3906 componatur;
789 3824 825 3888 in
842 3823 863 3887 J
868 3841 931 3888 ure
959 3831 1078 3888 autem
1110 3823 1383 3890 Internationali
1399 3824 1431 3882 nt

325 3932 518 4013 plurimum
536 3931 754 4014 praevalent
767 3929 980 3995 Tribunalia
994 3931 1191 4013 collegiata
1203 3937 1351 4014 propter
1362 3927 1429 4011 plu·

325 4038 509 4101 ralitatem
526 4037 694 4120 suffragii
712 4055 755 4100 ac
773 4037 1007 4101 securitatem
1026 4037 1231 4103 decisionis.

415 4141 624 4223 Designatis
638 4141 819 4223 judicibus
845 4150 955 4225 atque
973 4143 1168 4208 constituto
1186 4142 1366 4222 tribunali,
1384 4139 1428 4202 in·

327 4245 415 4327 cipit
437 4247 613 4328 judicium
640 4263 774 4312 causae
802 4249 1053 4314 contentiosae
1081 4249 1379 4330 internetionalis,
1395 4244 1428 4306 in
