3096 4986
774 329 929 386 „23-

288 471 422 536 desinit
437 489 517 536 esse
530 471 726 555 Hispanus,
743 471 870 553 Italus,
886 470 1013 536 Gallus
1030 487 1095 534 seu
1112 486 1223 533 verus
1239 467 1333 530 civis
1347 465 1420 528 ali-

288 579 392 660 cujus
405 579 574 659 nationis,
594 595 638 642 ae
656 577 808 660 proinde
825 579 862 642 in
875 595 961 642 casu
978 581 1131 658 apertae
1142 573 1342 640 violentiae
1352 571 1415 649 ju-

289 703 331 750 ra
348 685 509 748 civitatis
535 685 723 749 vindicare
741 691 777 749 et
791 701 966 748 exercere
983 684 1131 766 poterit.

379 791 436 854 lta
449 791 843 872 videmushpostolum
860 790 1010 854 Paulum
1028 789 1116 852 loris
1144 787 1297 869 ligatum
1327 783 1422 863 jura

289 897 526 978 municipalia
544 897 612 961 sihi
629 897 837 960 vindicasse
851 897 952 962 velut
968 895 1186 959 Tarsensem
1204 893 1325 955 civem
1342 888 1419 952 his·

290 1020 332 1066 ce
371 1004 494 1066 verbis
523 1003 570 1066 ad
599 1001 855 1068 Centurionem
887 1003 1146 1084 alloquentem:
1174 999 1214 1063 Si
1241 998 1421 1062 homiaem

291 1109 784 1174 Romanametiademaaiam
815 1111 894 1174 iicet
925 1110 1019 1173 voltis
1049 1106 1246 1193 flapeliare?
1274 1105 1335 1186 (llt
1362 1103 1424 1164 ita

291 1218 399 1280 etiam
439 1217 620 1280 cernimus
649 1217 896 1280 sanctissimos
933 1223 970 1278 et
1006 1223 1174 1278 strenuos
1211 1210 1423 1291 Episcopos

290 1323 531 1386 Athanasium
548 1330 584 1386 et
600 1323 619 1388 J
625 1340 780 1386 oannem
798 1319 1093 1400 chrysostomum
1110 1319 1246 1398 injuste
1263 1315 1422 1378 damna-

292 1436 347 1492 tos
367 1429 412 1491 ad
426 1428 670 1510 Imperatores
684 1426 843 1493 Orientis
860 1427 1055 1508 apellasse:
1094 1426 1146 1488 ita
1180 1425 1323 1486 demum
1348 1418 1424 1482 sei·

291 1551 369 1597 mus
387 1534 556 1598 Sanctam
587 1533 796 1597 Theresiam
827 1533 972 1596 Domini
1001 1533 1104 1612 jussu
1136 1530 1182 1594 ad
1207 1527 1425 1608 Philippum

291 1639 326 1702 II
341 1641 547 1720 confugisse
571 1657 636 1721 pro
655 1657 786 1720 magno
803 1639 1084 1703 Reformationis
1117 1653 1230 1719 opere
1264 1633 1421 1712 tuendo,

292 1760 373 1806 cum
390 1744 424 1807 S.
440 1744 601 1808 loannes
613 1764 635 1808 a
653 1743 780 1825 Oruoe,
798 1745 1005 1808 notissimus
1023 1743 1132 1806 Pater
1146 1741 1323 1820 Gracian,
1350 1737 1423 1801 ali-

292 1848 375 1929 ique
393 1849 542 1930 piissimi
559 1851 629 1914 viri
646 1850 798 1914 inauditi
812 1856 848 1913 et
866 1851 952 1913 torti
967 1851 1002 1912 in
1033 1849 1189 1912 vinculis
1207 1847 1424 1910 detineren-

293 1959 363 2032 tur,
383 1955 636 2036 nonequidem
665 1975 687 2018 a
718 1957 906 2019 Tribuuali
938 1955 1200 2037 Inquisitionis,
1233 1963 1273 2016 ut
1304 1951 1425 2032 vulgo
1546 2025 1547 2052 ¹

293 2057 465 2139 creditur,
484 2059 548 2123 sed
561 2061 607 2122 ab
625 2061 712 2141 ipsis
731 2062 905 2142 praelatis
918 2061 1161 2142 regularibus.

382 2161 484 2242 Quod
503 2183 591 2228 vero
624 2165 671 2228 ad
700 2183 883 2230 recursum
913 2167 1084 2249 querellae
1115 2169 1274 2246 spectat,
1295 2163 1426 2226 licitus

293 2288 435 2352 quoque
464 2279 623 2354 putatur,
649 2275 734 2354 quia
765 2281 868 2337 actor
895 2293 959 2338 seu
991 2273 1216 2338 demandans
1250 2271 1423 2334 libellum

295 2378 493 2454 (demanda)
513 2379 647 2442 offerre
664 2385 726 2442 aut
754 2389 991 2461 praesentare
1021 2381 1129 2444 debet
1146 2389 1232 2442 ante
1251 2377 1422 2442 tribunal

293 2481 514 2562 demandati,
533 2485 618 2564 quin
636 2485 757 2548 hocin
786 2503 959 2549 censuras
988 2503 1070 2566 cap.
1091 2485 1126 2549 ll
1145 2487 1199 2550 De
1225 2486 1310 2570 soro
1329 2505 1426 2549 com·

288 2589 419 2668 petenti
448 2589 483 2649 in
511 2589 564 2650 6.⁰
592 2589 686 2652 latas
714 2591 887 2672 incurrat,
908 2593 1042 2655 etenim
1070 2592 1107 2656 in
1137 2590 1425 2656 desuetudinem

294 2689 472 2754 abierunt.

382 2794 546 2878 Denique
564 2815 730 2863 recursus
749 2802 899 2880 pervim
915 2803 969 2870 (de
979 2803 1117 2886 soarza)
1132 2802 1281 2865 omnino
1296 2801 1424 2866 illiciti

295 2899 451 2964 habendi
479 2909 574 2980 sunt,
595 2910 630 2966 et
647 2905 744 2968 nullo
763 2914 871 2985 pacto
889 2907 1079 2971 catholicis
1097 2909 1153 2970 ias
1182 2913 1237 2972 est
1254 2908 1340 2971 illos
1358 2907 1425 2972 ad·
1546 2899 1547 2966 l

296 3004 437 3068 mittere
456 3007 514 3069 vel
540 3008 783 3088 interponere,
801 3017 925 3092 utpote
943 3031 1073 3078 sacrae
1099 3013 1290 3077 Ecclesiae
1308 3014 1425 3078 liber·

294 3111 360 3172 tati
390 3111 496 3190 plane
524 3113 728 3194 injuriosos,
748 3117 825 3194 ejus
855 3121 1044 3198 potestatis
1070 3120 1257 3200 judicialis
1284 3128 1423 3201 aperte

295 3214 466 3298 laesivos,
486 3219 658 3300 aequitati
679 3223 835 3284 naturali
853 3226 1055 3287 contrarios
1072 3231 1109 3288 et
1128 3225 1338 3290 catholicae
1356 3225 1425 3290 do-

296 3321 435 3384 ctrinae
449 3323 701 3404 refragantes.¹

383 3425 512 3490 Sacrae
528 3427 702 3492 Ecclesiae
726 3430 878 3495 libertati
902 3433 1009 3514 plane
1037 3435 1204 3521 injuriosi
1233 3445 1325 3517 suni,
1344 3441 1427 3502 tam

295 3527 332 3588 in
345 3547 391 3606 re,
410 3547 516 3608 quam
534 3532 569 3594 in
586 3535 734 3614 aomina·
748 3535 784 3598 in
797 3556 844 3616 re,
859 3539 943 3617 quia
961 3541 1211 3618 proclamatur
1229 3551 1427 3624 tamquam

296 3649 486 3711 processus
501 3636 676 3714 juridicus
695 3649 730 3703 et
747 3658 834 3704 vere
851 3642 981 3722 legalis
1006 3647 1207 3726 appellatio
1227 3649 1274 3712 ab
1293 3649 1426 3716 Eccle-

296 3736 351 3800 sia
368 3737 413 3800 ad
437 3737 589 3820 Statum,
609 3749 647 3804 ut
663 3745 780 3808 civilis
808 3749 1021 3830 auotoritas,
1040 3752 1220 3818 violentia
1237 3756 1425 3838 adhibita,

297 3845 648 3926 extralimitationes‚
667 3851 914 3932 utplurimum
942 3860 1152 3940 suppositas
1177 3868 1289 3948 atque
1308 3869 1426 3933 conli-

296 4007 454 4018 ann—...nu-

383 4185 421 4247 (l)
460 4187 579 4253 Acthp.
593 4203 652 4254 cap.
667 4189 733 4250 XX,
747 4205 772 4242 v.
785 4194 828 4242 26.
