3058 4994
781 387 964 446 ..440-
1082 412 1089 426 ,

309 535 405 598 inter
422 531 613 616 quemdam
630 530 823 597 Consulem
857 529 1368 613 AmerioaeSeptentrlonalis
1394 533 1429 594 et
1498 575 1499 580 η

310 639 472 704 subditos
504 639 670 721 privatos
702 643 883 720 exortam,
914 639 1042 720 vigore
1067 642 1207 702 tantum
1225 637 1365 719 pollere
1388 652 1430 698 ac

310 743 436 809 valida
449 745 601 828 proinde
615 745 756 810 oenseri
790 743 910 826 quoad
937 744 1085 826 publiea
1108 744 1268 826 negotia,
1288 743 1430 806 minime

310 857 431 917 autem
445 851 565 936 quoad
582 851 716 916 civium
735 851 1012 934 particularium
1031 867 1103 932 res,
1117 851 1214 915 bona
1230 849 1291 916 vel
1300 850 1384 931 jura
1395 847 1431 911 in

310 959 481 1042 pactione
498 963 682 1023 contenta.

379 1065 455 1130 106.
504 1064 690 1129 Hactenus
715 1063 921 1128 summatim
935 1063 1215 1146 explanavimus
1231 1061 1431 1128 doctrinam

307 1171 502 1253 juridicam
515 1171 615 1236 circa
629 1171 871 1253 obligationes
884 1172 1186 1236 internetionales
1202 1187 1248 1234 ex
1266 1170 1431 1252 pactione

311 1294 376 1342 seu
393 1283 592 1360 contractu,
610 1276 730 1358 idest,
750 1293 797 1342 ex
814 1283 938 1342 mutuo
955 1293 1133 1342 consensu
1153 1277 1338 1360 proiectas
1354 1293 1432 1340 ver·

311 1388 452 1447 sentem
469 1382 575 1446 modo
593 1387 714 1446 autem
731 1381 776 1446 de
793 1381 875 1446 aliis
901 1381 1198 1464 obligationibus,
1219 1399 1313 1466 quae
1330 1381 1430 1446 Stati·
1500 1413 1501 1452 r

310 1487 376 1581 bus
391 1489 527 1571 absque
541 1490 786 1553 conventione
797 1490 1098 1571 nequeexplicitc
1110 1505 1289 1554 consensu
1301 1489 1431 1552 incum-

311 1597 412 1677 bunt,
433 1596 648 1660 brevissime
674 1596 904 1660 disseremus:
925 1603 1072 1660 exstant
1096 1595 1335 1678 proculdubio
1363 1599 1433 1657 tam

311 1702 346 1765 in
361 1701 383 1766 J
387 1719 449 1766 ure
467 1703 568 1766 civili
582 1720 690 1786 quam
704 1703 742 1766 in
755 1701 777 1766 J
780 1719 844 1766 ure
857 1703 1132 1768 internetionali
1147 1702 1326 1786 quaedam
1339 1703 1433 1766 iacta

312 1808 527 1872 charactere
538 1809 694 1890 Juridico
709 1810 900 1890 instructa,
911 1809 1096 1891 exquibus
1111 1810 1289 1892 originem
1303 1808 1433 1872 ducunt
1501 1879 1502 1884 η

312 1915 491 1996 speciales
508 1915 750 1997 obligationes
768 1923 843 1980 tum
874 1933 1049 1997 personas
1077 1915 1250 1999 physicas
1267 1933 1333 1979 seu
1351 1913 1432 1978 indi·
1501 1893 1502 1926 ἶ

312 2019 435 2102 vidua,
451 2025 525 2086 tum
544 2039 719 2104 personas
737 2022 894 2086 morales
908 2039 972 2086 seu
987 2039 1138 2104 magnas
1156 2022 1431 2086 collectivitatcs

311 2127 478 2192 nationes
495 2135 724 2217 nuncupatas
743 2129 994 2210 respicientem
1013 2129 1044 2192 si
1061 2127 1239 2209 eJusmodi
1268 2129 1369 2192 iacta
1385 2128 1430 2190 le·

311 2234 505 2315 gilimitate
519 2234 690 2316 gaudent,
711 2243 913 2315 exsurgunt
929 2245 1032 2298 actus
1045 2235 1148 2316 lioitl,
1168 2235 1229 2317 qui
1243 2235 1431 2318 quasi-con·

313 2347 444 2406 tractas
457 2345 650 2420 uocantum
671 2341 728 2404 sin
747 2357 835 2404 vero
855 2341 956 2404 lacta
981 2340 1173 2422 illegitima
1189 2341 1337 2420 luerint,
1355 2355 1430 2402 eva-

313 2445 401 2510 dunt
418 2451 520 2510 actus
538 2447 668 2530 illiciti,
697 2448 758 2530 qui
776 2448 813 2511 in
831 2465 978 2512 censum
1010 2449 1184 2514 actionum
1202 2447 1432 2512 criminalium

312 2554 534 2618 referuntur.
1150 2619 1158 2636 ,

403 2658 740 2738 Quasi-contractus
758 2658 898 2723 deliniri
913 2663 1060 2740 queunt:
1078 2657 1184 2724 Actus
1189 2659 1345 2746 juridici
1358 2656 1431 2722 obii·

312 2765 467 2850 potiones
497 2767 695 2830 inducentes
722 2767 756 2830 oi
783 2767 970 2839 voluntatis
995 2775 1255 2851 praesumptae,
1279 2767 1429 2852 justitia,
1503 2753 1504 2766 ἶ

313 2874 484 2956 aequitate
504 2873 557 2936 vel
587 2873 737 2936 utilitate
763 2874 922 2958 fulcitam
951 2889 996 2936 ex
1022 2875 1213 2955 praejacta
1230 2873 1432 2938 delinitione

313 2979 423 3060 plane
435 2978 632 3059 colligitur:
649 2977 699 3042 1.⁰
712 2978 904 3042 discrimen
919 2981 1014 3042 inter
1027 2987 1256 3044 contractum
1271 2983 1307 3043 et
1321 2977 1431 3062 quasi·

314 3091 542 3149 contractum
572 3101 651 3148 esse
681 3085 917 3166 repetendum
936 3103 982 3149 ex
1002 3086 1167 3150 volutato
1198 3087 1264 3150 sub
1294 3087 1431 3150 diverso

314 3197 485 3272 respectu
503 3199 659 3272 sumpta;
680 3195 889 3254 contractus
907 3192 1098 3256 voluntate
1117 3213 1284 3276 eope-esso
1300 3193 1429 3267 nititur,

315 3298 400 3378 qula
418 3302 474 3361 est
489 3298 682 3362 conventio
697 3296 847 3360 duorum
863 3295 922 3361 vel
937 3297 1106 3380 plurium,
1122 3299 1206 3362 hinc
1219 3299 1249 3362 si
1266 3311 1432 3362 onerosus

314 3404 372 3484 sit,
394 3405 593 3485 requiritur
610 3421 655 3466 ex
673 3409 828 3484 utraque
846 3409 952 3484 parte
969 3405 1085 3468 cessio
1103 3411 1139 3468 et
1165 3406 1383 3486 acceptatio;
1405 3401 1437 3464 si·

314 3511 494 3591 gratuitus
524 3511 716 3588 exstiterit,
743 3510 939 3590 requiritur
962 3511 1078 3574 cessio
1105 3529 1152 3574 ex
1181 3529 1253 3575 una
1273 3517 1376 3593 parte
1400 3513 1432 3571 et

315 3616 520 3697 acceptatio
537 3633 583 3680 ex
601 3615 731 3696 altera;
751 3617 1077 3696 quasi-contractui
1092 3625 1215 3682 autem
1228 3618 1361 3682 suflicit
1377 3633 1431 3680 vo·

315 3722 435 3786 luntas
463 3729 702 3806 praesumpta,
723 3722 808 3802 quin
836 3738 985 3787 necesse
1017 3724 1065 3786 sit
1095 3741 1176 3788 eam
1207 3725 1314 3790 alteri
1344 3719 1431 3806 parti

315 3829 478 3892 exterius
495 3828 659 3910 patefieri
677 3827 799 3908 aliquo
813 3827 916 3908 signo
934 3831 1081 3910 visibill3
1097 3829 1150 3894 2.⁰
1168 3831 1264 3895 hano
1277 3831 1431 3894 volunta·

316 3937 361 3998 tls
377 3936 710 4017 praesumptionem
727 3933 882 3997 solidum
904 3935 1180 4001 fundamentum
1198 3937 1346 4017 habore,
1372 3932 1431 3997 sci·

315 4043 413 4123 licet,
429 4043 655 4106 validissima
672 4040 853 4104 rationum
882 4053 1065 4106 momenta
1082 4061 1127 4107 ex
1143 4043 1299 4125 Justitia,
1321 4039 1430 4123 aequi·
1477 4109 1480 4118 ¹

320 4154 395 4210 tate
411 4154 473 4212 aut
487 4149 644 4212 utilitate
679 4147 909 4228 deprompta3
927 4149 1058 4214 exinde
1071 4149 1282 4233 iurisperiti
1293 4141 1431 4214 Romani

318 4259 504 4337 tamquam
514 4254 718 4318 firmissima
732 4253 1106 4333 quasi-contractuum
1117 4257 1299 4339 principia
1308 4257 1431 4320 haecce
