3096 4986
586 423 746 482 ..37-

198 565 248 631 2.⁰
294 566 445 648 Quando
462 585 551 632 vero
565 567 743 650 injustitia
756 567 960 632 sententiae
974 583 1020 630 ex
1034 566 1227 630 omissione

118 672 387 756 solemnitatum,
421 673 458 738 id
486 678 552 756 est,
586 692 633 738 ex
657 674 858 738 violatione
885 673 1025 737 formae
1057 672 1227 754 legaliter

30 781 32 868 ζ
121 781 359 862 praescriptae
387 779 562 862 procedit,
581 779 628 844 ad
660 781 850 861 superiora
882 779 1080 842 tribunalia
1113 778 1226 841 eccle-

30 895 33 1006 ,
119 885 255 950 siastica
267 887 473 951 adeundum
491 891 558 966 est,
578 904 672 969 qnae
698 887 874 950 facultate
903 886 1061 968 juridica
1089 885 1227 966 pollent

30 1011 31 1060 i
116 991 244 1070 judices
260 993 453 1058 inferiores
470 993 690 1076 corrigendi,
720 1010 917 1076 eorumque
944 992 1144 1056 sententias
1172 1007 1226 1054 re·

30 1083 31 1102 ³
120 1097 286 1163 formandi
304 1099 365 1164 vel
380 1099 623 1181 invalidandi,
648 1099 717 1163 nisi
735 1107 865 1182 agatur
890 1099 934 1164 de
951 1099 1030 1182 ipso
1058 1097 1226 1180 Principe

115 1203 303 1288 judicante,
324 1206 386 1288 qui
403 1206 559 1270 omnium
584 1224 763 1270 consensu
792 1211 913 1288 potest
943 1207 1062 1270 sciens
1092 1211 1128 1268 et
1145 1222 1225 1286 pru·

30 1327 31 1330 ¹
121 1309 392 1376 densacunctis
410 1313 700 1377 solemnitatibus
730 1313 956 1396 dispensare,
984 1312 1140 1376 servatis
1173 1315 1225 1374 ta-

120 1433 191 1480 rnen
206 1419 460 1484 essentialibus
478 1421 522 1484 de
532 1423 615 1502 jure
629 1425 794 1486 naturae.

30 1511 31 1516 ¹
196 1524 245 1588 3.⁰
292 1526 459 1606 Domum,
475 1544 554 1592 cum
569 1527 898 1608 sententiainjusta
913 1523 1059 1604 evadat,
1075 1541 1117 1588 eo
1131 1521 1226 1605 quod

121 1627 185 1694 luta
199 1632 244 1695 sit
261 1638 391 1697 contra
408 1635 600 1717 explicitas
617 1634 709 1716 legis
727 1634 928 1698 canonicae
957 1631 1224 1714 dispositiones,

121 1735 194 1801 licet
209 1757 229 1802 a
247 1745 477 1821 competente
494 1741 713 1805 auctoritate
744 1747 780 1804 et
793 1739 960 1822 juridicis
990 1736 1222 1802 solemnitati·

30 1887 31 1890 ,
120 1840 176 1906 bus
190 1847 357 1928 servatis,
376 1850 451 1912 tum
469 1865 537 1911 nec
555 1847 721 1929 procedit
738 1845 938 1930 appellatio
953 1845 998 1909 ab
1015 1845 1084 1909 hoc
1101 1844 1226 1924 abusu,

30 1999 32 2040 ,
121 1965 178 2014 nee
192 1951 294 2016 adest
311 1953 480 2018 civilibus
497 1949 771 2035 magistratibus
785 1971 857 2017 non
873 1953 1021 2034 inquam
1031 1951 1227 2032 juridicum

30 2049 32 2102 ἓ
121 2055 393 2141 tundamentum,
408 2059 473 2124 sed
490 2077 536 2124 ne
555 2060 698 2143 quidem
715 2061 808 2124 levis
822 2065 1034 2142 praetextus
1051 2058 1226 2138 recipien-

119 2159 151 2224 di
166 2165 337 2245 ejusmodi
369 2167 637 2250 appellationes
656 2185 743 2232 vere
760 2168 882 2232 futiles
900 2172 936 2231 et
952 2183 1101 2248 prorsus
1127 2165 1226 2226 inne-

119 2273 299 2353 cessarias;
318 2274 452 2338 etenim
469 2279 543 2338 tam
560 2275 581 2338 J
585 2293 625 2338 us
643 2274 760 2340 Civile
778 2275 825 2359 (1)
842 2291 951 2356 quam
981 2271 1002 2336 J
1007 2290 1046 2335 us
1075 2269 1226 2335 (lenoni-

119 2393 189 2444 cum
202 2381 247 2462 (2)
260 2383 362 2447 velut
374 2385 548 2465 generale
562 2383 778 2466 principium
787 2388 914 2465 aparte
931 2387 1096 2446 statuunt
1106 2389 1142 2443 et
1156 2385 1226 2440 tra·

119 2480 196 2548 dunt
211 2488 429 2552 sententiam
463 2488 654 2552 evidenter
672 2489 843 2570 injustam
862 2487 923 2552 vel
950 2485 1144 2550 manifeste
1161 2483 1226 2547 ini-

120 2602 213 2666 quam
231 2609 312 2657 esse
328 2593 465 2658 nullam
482 2595 591 2658 etiam
609 2593 687 2658 sine
704 2593 965 2676 appellatione;
985 2609 1028 2655 ac
1059 2589 1225 2672 proinde,

119 2691 231 2776 elapso
245 2695 377 2779 quovis
390 2701 566 2780 tempore,
586 2715 730 2780 semper
747 2705 868 2782 potest
895 2701 932 2762 et
961 2697 1068 2761 debet
1101 2697 1227 2762 baberi

121 2801 277 2884 utirrita,
297 2803 570 2886 atqueimpune
599 2806 722 2886 sperni
740 2806 819 2869 sive
847 2823 869 2868 a
899 2804 1066 2888 privatis,
1097 2806 1176 2868 sive
1205 2822 1227 2868 a

120 2905 348 2973 tribunalibus
382 2909 499 2990 laicis,
529 2911 614 2993 quia
646 2929 830 2994 nunquam
854 2913 891 2976 in
923 2929 1000 2975 rem
1026 2911 1227 2994 judicatam

121 3015 288 3098 transibit,
322 3015 418 3080 sicut
445 3017 628 3081 sententia
658 3018 873 3100 simpliciter
904 3019 1041 3101 iniqua,
1060 3019 1090 3081 si
1108 3019 1154 3081 ab
1183 3035 1227 3081 ea

121 3126 270 3204 tempore
283 3127 489 3206 opportuno
506 3129 579 3188 n'on
596 3124 706 3188 fuerit
718 3126 955 3207 appellatum.

123 3363 293 3379 ἢ*

181 3884 218 3950 il)
253 3885 321 3940 Vid.
335 3882 375 3939 D.
386 3883 444 3939 Lib.
466 3883 572 3951 XLIX,
590 3884 667 3948 Quae
678 3883 827 3938 sententiae
844 3885 903 3937 uine
926 3883 1109 3952 appellatione
1132 3883 1229 3938 reccia-

120 3949 218 4023 do-ntur,
230 3958 284 4024 leg.
296 3957 319 4024 1,
331 3956 350 4025 θ
367 3956 385 4009 2
397 3953 468 4010 Itan
481 3972 572 4024 ouum.

182 4033 217 4095 ti)
252 4029 297 4081 ltu
306 4029 427 4092 legimns
439 4029 468 4080 in
480 4025 541 4081 Lib.
555 4027 592 4080 II.
607 4027 717 4081 Decret.
731 4043 790 4092 cap.
805 4027 818 4078 1
832 4023 876 4077 De
887 4029 1021 4080 contactio
1039 4029 1066 4080 et
1077 4043 1107 4080 ro
1123 4025 1230 4096 judica·

30 4095 31 4160 ξ
122 4095 155 4146 tu·
169 4098 973 4166 neententueontnlegescenonaaveprouu,1ieetnon
987 4099 1024 4150 ait
1039 4099 1230 4166 appellatione

30 4205 31 4226 t
120 4180 329 4235 fluspeneo,non
349 4174 445 4238 potest
457 4174 553 4223 tamen
566 4169 724 4223 subsistere
736 4170 797 4235 ipso
817 4171 908 4236 jure».
936 4167 1013 4222 ldem
1039 4173 1124 4223 etiem
1148 4171 1230 4224 docet

124 4232 219 4365 ξῗξοιιίε
231 4239 332 4366 belYi
341 4239 419 4296 iuris
431 4241 462 4295 in
474 4241 568 4296 Sexto:
586 4240 680 4303 «Quae
693 4245 790 4294 contra
798 4242 846 4307 jus
859 4239 940 4308 fiunt,
949 4237 1056 4294 debent
1068 4243 1166 4308 utique
1179 4255 1231 4309 pro

121 4321 131 4357 ¹
188 4313 308 4368 donae
337 4333 357 4367 ».
