3062 4994
581 381 739 439 ...99-

119 523 234 588 donem
250 524 405 588 hominis
430 541 539 606 super
563 528 712 604 terram,
740 524 801 606 qui
824 523 967 606 hymnis
993 529 1029 588 et
1053 493 1221 590 laudibus

118 630 259 694 divinam
273 629 558 695 misericordiam
574 630 760 712 implorat,
776 634 814 694 ut
828 629 875 693 ad
898 631 1102 695 coelestem
1134 631 1223 695 civi-

120 741 215 800 tatem
233 736 385 800 feliciter
403 737 599 819 parvenire
618 736 743 817 possit.

29 909 30 914 ,
193 841 281 907 Hinc
293 842 478 924 colligitur
491 843 634 924 iniquas
650 859 730 906 esse
742 842 954 924 leges,quae
968 840 1063 905 hunc
1081 842 1225 908 modum

29 935 30 1018 ἶ
120 947 405 1014 Deumadorandi
422 947 628 1030 prohibent,
648 967 731 1012 nam
750 950 866 1030 primo
896 948 1024 1012 obtutu
1043 949 1225 1031 detegitur

29 1035 31 1144 ζ
119 1056 297 1121 criminalis
314 1074 447 1140 scopus
461 1061 570 1140 atque
588 1073 766 1138 perversa
780 1056 949 1120 voluntas
968 1056 1225 1120 substrahendi

29 1209 31 1262 i
122 1167 339 1245 aconspeetu
355 1164 543 1228 societatis
567 1163 657 1226 ritus
685 1163 888 1244 religiosos,
908 1163 1116 1245 cultumque
1134 1163 1224 1226 rele-

29 1329 30 1334 ,
121 1268 213 1349 gandi
229 1270 273 1334 ad
290 1270 372 1333 loca
389 1269 604 1334 abscondita
621 1273 657 1334 et
674 1269 812 1350 clausa,
834 1275 872 1333 ut
890 1269 986 1333 Deus
1002 1270 1099 1333 intra
1119 1276 1223 1350 septa

29 1377 31 1382 ’
123 1373 288 1440 Ecclesiae
317 1381 354 1440 et
380 1377 418 1439 in
449 1387 591 1440 secreto
610 1375 869 1455 conscientiae,
901 1383 1008 1456 prout
1038 1376 1221 1456 effutiunt,

29 1529 30 1532 ,
121 1481 324 1546 solummodo
357 1481 510 1546 colatur:
539 1481 623 1546 inde
652 1481 762 1545 etiam
802 1480 991 1545 deducitur
1030 1481 1225 1545 maximam

122 1589 268 1670 religioni
285 1589 452 1670 irrogare
469 1588 639 1670 iujuriam
669 1588 817 1652 decreta
843 1588 962 1652 civilis
980 1589 1224 1669 auctoritatis,

120 1713 200 1777 qnae
215 1695 465 1784 processiones
478 1695 707 1758 necessarias
721 1699 861 1774 vetant;
878 1695 1010 1758 etenim
1024 1712 1105 1758 cum
1122 1711 1226 1776 pree-

124 1809 211 1883 cepto
242 1803 366 1866 divino
398 1807 435 1866 et
466 1802 716 1866 eeclesiastico
754 1802 964 1866 mandatum
997 1803 1044 1865 sit
1077 1801 1228 1866 Sacram
1287 1883 1290 1889 Ι

125 1905 372 1972 Eucharistiam
390 1908 436 1971 ad
446 1908 572 1972 fideles
588 1911 695 1990 gravi
719 1909 927 1972 infirmitate
946 1909 1157 1973 laborantes
1177 1909 1230 1972 af-

29 2019 31 2056 ?
123 2014 216 2096 ferre,
234 2016 392 2097 positive
409 2016 661 2098 praescribere
680 2017 859 2080 occultam
877 2015 1110 2097 delationem,
1134 2015 1230 2078 idem

29 2173 30 2214 ,
124 2129 169 2183 est
182 2139 222 2185 ac
245 2121 441 2203 prohibere
458 2123 594 2186 cultum
612 2127 648 2186 et
666 2123 838 2187 bonorem
856 2123 1090 2186 Sanctissimo
1104 2121 1230 2186 Sacra·

29 2313 31 2322 *
124 2229 415 2293 mentodebitum.

29 2341 31 2350 ’
197 2335 403 2416 Praeterea,
423 2335 592 2398 Ecclesia
607 2335 769 2416 legitima
801 2335 975 2398 facultate
1007 2333 1141 2415 gaudet
1159 2333 1231 2397 cul-

29 2431 31 2508 Ϊ
125 2442 186 2503 tum
198 2441 357 2506 divinum
370 2441 407 2504 in
425 2441 515 2505 locis
529 2442 684 2524 publicis
698 2441 894 2505 exercendi
911 2459 981 2503 non
996 2441 1110 2504 solum
1126 2440 1231 2504 modo

29 2581 30 2584 =
124 2548 322 2628 transitorio,
339 2547 389 2611 uti
402 2548 441 2611 iit
454 2549 490 2611 in
505 2548 798 2630 processionibus
812 2551 848 2611 et
862 2546 1230 2628 peregrinationibus,

29 2677 30 2710 1
124 2651 294 2718 sedetiam
313 2652 417 2718 modo
434 2655 553 2718 arabili
568 2654 712 2736 publice
727 2653 943 2735 exponendo
962 2671 1088 2717 sacras
1106 2653 1231 2733 imagi-

29 2745 31 2752 ’
124 2775 187 2840 nes,
204 2759 336 2825 sivein
353 2759 528 2824 aediculis
547 2777 612 2824 seu
639 2759 886 2824 tabernaculis
904 2761 1117 2842 exproiesso
1137 2759 1233 2824 aedi·

124 2863 238 2950 ficatis,
271 2868 353 2933 sive
381 2867 418 2932 in
446 2868 535 2950 ipsis
568 2868 754 2931 domorum
783 2867 993 2949 parietibus.
1027 2866 1234 2932 Recentiori

126 2973 275 3052 equidem
303 2973 417 3038 aetati
446 2979 676 3038 reservatum
705 2977 785 3036 erat
802 2991 971 3056 magnum
1005 2974 1179 3054 flagitium
1198 2975 1234 3035 et

29 3093 31 3158 ᾗ
125 3077 336 3148 detestabilis
353 3082 488 3146 abusus
507 3081 695 3146 adoriendi
713 3099 757 3145 ac
775 3081 938 3146 violandi
954 3083 1021 3144 sub
1040 3083 1235 3163 praetextu

29 3173 31 3236 ἕ
123 3185 264 3264 juridico
279 3189 376 3253 hanc
388 3187 699 3271 religiosissimam
719 3192 755 3252 et
770 3187 1068 3252 immemorialem
1086 3203 1235 3250 conane·

29 3311 31 3342 ι
127 3293 574 3360 tudinemaremotissimis
587 3295 810 3376 temporibus
839 3296 877 3358 in
905 3293 1113 3375 regionibus
1142 3291 1234 3356 chri·

29 3397 31 3480 ξ
125 3399 239 3466 ationis
257 3406 499 3482 asservatam3
515 3400 602 3464 licet
619 3401 715 3464 enim
728 3399 975 3482 superioribus
989 3397 1146 3463 saeculis
1163 3415 1236 3461 non

29 3569 31 3600 ;
125 3501 305 3572 defuerunt
323 3507 536 3572 iconomachi
564 3509 601 3570 et
632 3507 873 3586 iconoclastae,
909 3509 1031 3569 tamen
1060 3503 1238 3586 ejusmodi

29 3633 31 3688 i
127 3611 283 3678 scelerati
300 3612 465 3677 homines
479 3613 616 3677 cultum
633 3629 822 3676 sacrarum
834 3612 1032 3694 imaginum
1050 3613 1237 3694 impugna-

29 3727 31 3752 ³
129 3721 200 3782 runt
224 3737 296 3784 non
325 3718 527 3784 rationibus
542 3718 708 3800 juridicis
734 3719 845 3801 ducti,
877 3719 963 3802 quia
979 3719 1124 3801 publice
1141 3717 1239 3782 haud

29 3825 31 3904 ξ
128 3830 238 3890 omont
250 3825 440 3908 colendae,
458 3825 523 3890 sed
537 3829 677 3889 tantum
693 3825 888 3892 haereticis
902 3825 1090 3908 principiis
1107 3823 1236 3906 innixi,

29 3935 31 4002 4
129 3931 273 4012 eoquod
300 3931 565 3997 contenderent
587 3932 863 3997 venerationem
896 3932 1093 4013 imaginum
1126 3928 1238 3993 idola·

29 4043 31 4066 ¹
129 4035 224 4102 triam
241 4043 277 4105 et
293 4039 588 4121 superstitionem
602 4038 781 4104 redolere:
800 4038 885 4104 hinc
902 4055 1026 4103 earum
1044 4053 1147 4102 usum
1164 4039 1240 4101 tam

132 4138 238 4210 inviis
249 4145 405 4228 publicis
418 4162 526 4228 quam
543 4147 580 4210 in
607 4145 696 4228 ipsis
713 4145 887 4210 Ecclesiis
904 4142 1236 4228 reprehendebant.

130 4241 239 4315 Sede
268 4252 416 4318 saeculo
440 4251 620 4334 superiori
652 4251 757 4335 coepi
788 4251 995 4334 impugnari
1027 4249 1237 4333 praedictus
