3058 4994
813 361 992 421 -400..

339 505 507 570 munibus
524 505 876 588 praescriptionibus
892 503 914 567 J
918 505 991 570 uris
1013 504 1311 570 Internationalis
1342 506 1464 587 subja-

340 617 425 676 cent
442 617 478 676 et
495 629 561 694 per
577 611 746 676 nationes
759 611 877 676 cultas
891 610 937 674 ad
961 609 1084 676 Status
1102 611 1280 676 civilitate
1309 611 1465 676 donatos

340 718 545 799 mittuntur,
561 716 765 798 cujusmodi
778 721 861 780 sunt
879 715 1054 782 Consules
1072 715 1238 800 Europae
1265 721 1302 782 et
1325 717 1463 781 Ameri-

339 841 418 905 cae;
437 824 716 889 extraordinarii
734 823 967 904 appellantur
995 823 1056 905 qui
1090 841 1112 886 a
1144 824 1272 906 regula
1299 824 1463 906 generali

340 929 574 1012 excipiuntur
589 935 713 1012 utpote
731 927 776 992 ad
795 935 922 1010 gentes
939 929 1115 1010 infideles,
1134 929 1291 994 incultas
1306 947 1371 994 seu
1385 931 1463 994 bar·

340 1037 451 1100 baras
469 1031 579 1116 missi,
600 1035 652 1098 ita
670 1041 844 1118 putantur
862 1031 1036 1100 Consules
1053 1053 1100 1100 ex
1117 1034 1263 1118 Europa
1281 1037 1342 1100 vel
1360 1037 1462 1100 Ame-

342 1141 419 1208 rica
438 1142 594 1224 proiecti
623 1143 661 1206 in
680 1141 848 1224 regiones
865 1141 974 1206 Asiae
991 1147 1054 1206 aut
1070 1141 1230 1222 Africae,
1249 1143 1365 1207 veluti
1384 1143 1463 1206 Per·

342 1249 446 1328 siam,
481 1247 653 1330 Siamum,
688 1245 823 1326 Sinam,
853 1246 1089 1329 Marochium,
1120 1247 1348 1332 Barbariam,
1378 1255 1460 1312 eto:

342 1353 395 1418 2⁰
412 1355 448 1418 in
464 1355 641 1440 penerolea
665 1361 700 1418 et
711 1354 964 1438 particularem
981 1351 1156 1418 Consules
1172 1355 1348 1440 9888888188
1377 1372 1461 1418 nun·

343 1469 524 1543 cupantur
542 1461 603 1543 qui
621 1459 870 1541 corporationi
888 1459 1071 1524 consulari
1084 1460 1240 1542 alicujus
1252 1461 1412 1524 nationis
1428 1461 1462 1523 in

342 1567 527 1632 territorio
547 1567 667 1630 alieno
684 1565 896 1648 praesident
913 1571 950 1630 et
967 1566 1182 1648 positionem
1197 1565 1351 1654 mediam
1371 1568 1461 1631 inter

343 1671 531 1752 Consules,
551 1671 811 1736 Viceeonsules
832 1677 949 1754 -atque
977 1671 1156 1754 Agentem
1181 1671 1461 1754 Diplomaticum

343 1781 521 1860 obtinsut;
553 1781 792 1864 particulam
840 1779 1119 1844 denominantur
1150 1779 1212 1860 qui
1244 1780 1460 1860 specialibus

343 1885 567 1950 districtibus
597 1901 662 1950 seu
691 1885 900 1968 regionibus
927 1885 1242 1950 commercialibus
1272 1885 1460 1966 cujuslibet

343 1991 465 2057 Status
491 1991 765 2074 praeficiuntur:
784 1991 836 2055 3.⁰
853 1994 889 2056 in
913 1993 1143 2058 niceceaaulea
1172 1997 1208 2056 et
1224 2001 1359 2077 aperitet
1389 2013 1459 2056 con·

342 2100 493 2180 tartarea·
510 2099 741 2164 vicecomites
758 2098 911 2180 gradum
936 2099 1145 2162 inferiorem
1163 2099 1200 2162 in
1227 2098 1352 2162 ordine
1381 2115 1458 2162 con·

342 2205 456 2270 sulari
481 2209 619 2284 teuent,
641 2212 677 2269 et
706 2211 857 2286 possunt
884 2221 965 2270 esse
992 2206 1188 2270 camiliar-er
1216 2205 1277 2268 vel
1305 2205 1457 2288 indepen-

344 2313 471 2392 denter,
501 2311 702 2376 auxiliares
730 2329 811 2378 cum
840 2311 1007 2376 consules
1039 2311 1218 2392 adjuvant
1249 2312 1286 2376 in
1316 2312 1457 2394 regione
1512 2313 1513 2404 1

343 2418 550 2484 mercantili
579 2431 733 2499 magnae
758 2418 1019 2499 praestantiae,
1038 2415 1325 2500 independentes
1343 2424 1456 2482 autem
1512 2405 1513 2465 l

344 2543 424 2589 cum
442 2525 647 2588 functiones
662 2531 836 2588 exercent
852 2525 889 2588 in
906 2525 1027 2606 aliquo
1046 2523 1211 2589 districtu
1229 2525 1351 2606 exigui
1367 2541 1455 2588 com·

343 2631 481 2694 mercii:
511 2629 564 2692 4.⁰
593 2630 629 2692 in
661 2631 791 2694 amicos
817 2635 853 2692 et
880 2630 1016 2710 electos,
1044 2628 1149 2694 amici
1173 2629 1284 2711 vulgo
1313 2628 1457 2692 audiunt

343 2737 405 2818 qui
423 2753 469 2800 ex
489 2735 631 2800 civibus
648 2735 811 2816 ejusdem
831 2733 966 2816 Status,
984 2751 1091 2816 quem
1107 2741 1386 2816 repraesentare
1402 2733 1455 2796 de·
1511 2807 1512 2822 χ

343 2841 442 2919 bont,
469 2841 720 2922 desumuntur;
755 2842 890 2906 electis
918 2845 1048 2904 contra
1074 2839 1306 2904 nominantur
1330 2840 1390 2922 qui
1416 2853 1457 2902 ex
1511 2845 1512 2902 ζ

344 2947 485 3012 civibus
501 2948 659 3012 nationis
675 2955 838 3028 exteras,
858 2947 918 3010 ubi
931 2962 1079 3010 munere
1095 2946 1198 3028 iungi
1213 2945 1358 3027 debent,
1384 2945 1456 3010 seli·

344 3061 477 3136 guntur
496 3053 556 3135 (1).

434 3159 489 3224 71.
540 3159 809 3226 Attributiones
845 3157 1039 3224 Consulum
1078 3157 1272 3242 tripliciter
1307 3155 1456 3242 spectari

345 3335 504 3344 ——.-.-

416 3471 454 3532 (l)
492 3469 534 3522 Eu
550 3470 673 3536 Espana,
685 3469 775 3536 segdn
787 3469 814 3520 81
827 3469 946 3520 articulo
960 3471 996 3520 la
1009 3468 1045 3521 ds
1058 3467 1085 3522 la
1097 3465 1157 3534 Ley
1170 3466 1264 3522 arniba
1276 3467 1370 3522 oitsda
1383 3467 1416 3519 de
1428 3465 1454 3514 il

346 3539 382 3592 de
396 3539 493 3592 Marzo
507 3541 542 3592 ds
558 3543 635 3607 1888,
650 3540 828 3607 completuda
850 3555 901 3606 por
914 3541 939 3590 el
952 3539 1140 3605 Regiamento
1163 3539 1199 3592 de
1221 3542 1254 3592 88
1274 3539 1310 3592 (18
1323 3537 1397 3592 Julio
1415 3534 1455 3587 del

345 3611 450 3662 mismo
463 3616 526 3675 nilo,
541 3612 569 3663 18
591 3626 701 3664 carrera
720 3613 852 3664 consular
864 3625 895 3662 88
908 3611 1061 3677 especialy
1083 3625 1115 3664 ae
1127 3609 1224 3664 divide
1242 3625 1278 3664 en
1298 3612 1341 3664 las
1359 3613 1454 3671 ungo

345 3681 402 3734 ries
427 3683 594 3748 siguisntes:
623 3685 662 3736 l‚⁰
687 3682 826 3736 Consules
850 3682 1005 3748 generalem
1031 3685 1071 3734 29
1097 3681 1236 3736 Consules
1261 3681 1299 3736 de
1325 3679 1362 3736 1.·
1382 3680 1454 3738 cisse

346 3755 388 3806 8.0
401 3751 543 3806 Consules
557 3754 592 3806 de
607 3757 647 3805 2⁸
661 3755 744 3816 cluss;
759 3757 798 3804 49
812 3751 1020 3804 Vieecdnsules

420 3824 492 3877 ‹Los
516 3823 666 3892 Cdnsules,
679 3825 742 3877 dice
761 3826 787 3876 el
799 3823 919 3876 articulo
933 3827 965 3874 ’18
987 3823 1033 3875 (181
1055 3823 1242 3889 Regiamento
1262 3823 1300 3876 de
1312 3824 1339 3876 18
1357 3820 1455 3875 cirrem
1509 3879 1510 3884 Ἰ

345 3896 479 3948 consular
494 3896 645 3962 publicado
658 3911 693 3948 en
708 3899 741 3948 23
755 3895 791 3948 (18
803 3895 821 3947 J
824 3896 881 3948 ulio
894 3894 930 3946 de
945 3897 1022 3958 1883,
1032 3909 1084 3946 888
1095 3899 1213 3960 agentes
1223 3891 1454 3948 administrativos
1509 3891 1510 3896 ’

345 3967 530 4019 cornerciales
544 3967 579 4020 de
592 3967 620 4020 la
634 3968 746 4028 naciom
759 3967 855 4018 tienen
875 3965 991 4018 ademto
1013 3965 1208 4020 atribuciones
1227 3965 1375 4034 judiciales
1387 3979 1404 4030 y
1415 3975 1453 4013 no

345 4038 462 4090 tariales
475 4053 493 4103 y
505 4041 587 4091 estin
607 4039 782 4104 encargndos
794 4038 840 4090 del
853 4037 985 4104 Registro
997 4035 1071 4091 civil.
1086 4038 1129 4090 En
1141 4039 1168 4090 81
1181 4037 1355 4104 desenrpeflo
1366 4035 1399 4088 (18
1410 4047 1453 4084 sus

346 4121 445 4174 oargos
461 4109 555 4162 daban
568 4115 700 4164 atenerss
713 4110 730 4162 a
743 4111 771 4163 lo
783 4110 931 4176 dispuesto
952 4123 989 4162 en
1010 4109 1053 4160 los
1066 4108 1202 4176 tratados,
1215 4107 1233 4162 ί
1246 4109 1290 4164 108
1313 4105 1452 4176 principius

346 4178 538 4302 (181(1118888118
561 4181 767 4234 intemacional
780 4197 797 4247 y
811 4181 828 4232 a
841 4181 883 4233 los
896 4195 963 4232 usos
984 4179 1174 4234 establecidos
1195 4195 1233 4233 en
1245 4179 1272 4232 el
1285 4180 1347 4248 puls
1360 4193 1393 4231 eu
1405 4187 1452 4242 que

345 4263 401 4302 rear
422 4263 486 4301 an.»
