3038 4994
538 405 574 419 -
599 375 717 433 289-

86 518 246 582 bilitatem
273 517 465 600 Principis,
485 518 546 601 qui
574 536 617 583 eo
646 519 725 600 ipso
754 517 828 582 suis
841 516 983 599 juribus
1012 521 1048 581 et
1074 536 1187 601 regno

85 624 234 689 cadebat.
904 711 907 715 „

15 715 17 724 ’
162 730 232 794 168.
281 729 506 794 Exercitium
526 731 633 812 hujus
657 729 851 812 potcstatis
884 730 1135 796 declarativas
1152 739 1189 796 et

15 833 16 866 ³
83 836 268 916 punitivac,
288 853 360 918 qua
378 835 571 902 Pontifices
588 854 635 901 cx
648 837 731 918 jure
747 837 893 919 publico
926 837 1034 902 medii
1051 839 1134 902 aevi
1152 840 1189 902 in

83 941 230 1006 Summos
243 942 472 1024 Imperantes
487 943 540 1006 usi
558 949 655 1024 sunt,
674 948 749 1006 tum
764 942 933 1026 Regibus,
953 949 1026 1008 tum
1044 945 1189 1026 populis

82 1065 298 1131 summopere
324 1049 474 1132 profuit,
506 1054 598 1114 teste
627 1048 810 1132 locuplete
841 1049 994 1115 historia
1024 1053 1187 1134 antiqua,

82 1171 168 1218 nova
178 1159 214 1218 et
230 1155 444 1219 novissima.

159 1261 202 1325 Et
225 1279 267 1326 re
284 1260 429 1344 quidem
450 1279 554 1345 vera,
569 1261 681 1326 valde
698 1262 787 1326 utile
804 1279 848 1326 ec
871 1262 1034 1328 salutare
1051 1264 1191 1330 exstitit

83 1367 367 1432 auctoritativum
383 1368 572 1433 Ecclesiae
584 1369 761 1450 judicium
786 1373 823 1432 et
839 1369 986 1433 socialis
1014 1369 1190 1435 Romane·

80 1489 150 1536 rum
165 1473 379 1538 Pontificum
396 1476 621 1556 suprematia
639 1475 676 1538 in
692 1474 792 1538 hisce
811 1475 1083 1557 quaestionibus
1101 1476 1190 1557 diJu-

81 1579 246 1662 dicendis,
264 1581 420 1644 maxime
433 1597 535 1644 vero:
551 1581 580 1665 ⁸)
597 1580 644 1644 ad
658 1581 783 1663 regiae
796 1581 983 1662 dignitatis
997 1583 1139 1648 tutelam
1155 1589 1191 1646 et

81 1683 323 1766 dynastiarum
355 1687 562 1750 firmitatem
593 1705 637 1750 ac
670 1687 1008 1770 consolidationem
1043 1689 1189 1770 etenim,

15 1811 16 1816 ¹
82 1809 152 1856 eum
167 1793 365 1857 recentiori
394 1797 516 1857 aetate
533 1793 650 1875 Reges
664 1795 742 1875 Jam
767 1811 840 1858 uon
872 1795 1027 1876 amplius
1053 1796 1190 1876 jndicio

81 1896 259 1963 Ecclesiae
289 1904 326 1963 et
342 1899 550 1982 pontificiae
579 1901 790 1964 auctoritati
821 1900 952 1982 subjici
983 1901 1190 1984 voluerunt,

81 2003 214 2086 ipsimet
245 1989 382 2070 nostris
398 2006 512 2070 oculis
530 2007 685 2072 vidimus
704 2007 858 2088 populos
883 2007 1056 2088 (legitime
1074 2009 1134 2072 vel
1151 2010 1191 2072 ii-

81 2111 245 2194 legitime,
265 2113 310 2177 de
327 2129 396 2194 quo
413 2113 495 2177 heio
512 2131 585 2178 non
602 2114 737 2196 agitur)
756 2131 818 2178 eos
851 2131 870 2177 e
898 2115 989 2178 solio
1016 2131 1192 2196 saepenu-

81 2235 171 2282 mero
187 2219 356 2300 ejeciase,
372 2224 409 2282 et
427 2223 499 2301 (res
517 2237 607 2284 vere
625 2219 820 2298 mirandai)
850 2219 932 2284 dum
950 2219 1115 2284 Ecclesia
1132 2221 1193 2285 vel

81 2325 222 2392 Romani
239 2327 434 2391 Pontifices
450 2344 516 2409 per
533 2328 691 2410 spatium
716 2345 848 2392 novem
879 2327 1107 2392 saeculorum
1131 2347 1193 2392 no·

82 2433 304 2498 riestantum
324 2433 476 2497 usisunt
488 2433 571 2514 jnre
595 2432 785 2514 Principes
814 2451 860 2497 ex
887 2433 1049 2515 legitima
1082 2451 1204 2498 causa*

82 2538 291 2622 deponendi,
321 2540 448 2622 populi
477 2557 549 2604 una
567 2539 791 2604 solummodo
824 2540 1001 2620 centuria,
1034 2540 1204 2605 infausto¹

81 2663 203 2730 nempe
232 2647 381 2711 saeculo
406 2625 514 2728 xix,
527 2647 658 2728 majori
686 2663 838 2710 numero
867 2647 984 2728 Reges
1016 2665 1035 2712 e
1063 2647 1193 2713 throno

82 2752 326 2818 deturbarunt:
342 2750 370 2832 1))
387 2753 435 2816 ad
457 2773 581 2838 pacem
597 2753 782 2836 publicam
806 2754 1027 2818 servandam
1044 2760 1081 2818 ct
1098 2773 1195 2819 amo·

81 2877 147 2926 rem
171 2863 269 2926 inter
293 2869 422 2944 gentes
449 2861 660 2941 fovendum
686 2879 782 2941 nam,
813 2861 1029 2943 interposita
1060 2861 1196 2927 Summi

82 2964 258 3030 Pontificis
276 2967 506 3047 auctoritate,
525 2966 764 3048 complurima
780 2965 878 3029 bella
906 2966 1001 3030 inter
1028 2969 1195 3032 nationes

82 3073 193 3138 vitato
205 3077 303 3138 sunt:
322 3075 347 3151 ⁰)
365 3071 412 3136 ad
428 3089 551 3137 omnes
568 3073 647 3138 lites
664 3073 758 3136 inter
776 3071 941 3137 diversos
959 3076 1075 3137 status
1093 3073 1195 3137 obor-
1274 3084 1277 3090 ’

83 3183 131 3244 tas
144 3181 390 3262 aequitateac
408 3179 535 3244 mediis
560 3179 723 3261 pacificis
741 3177 974 3260 dirimendaa;
1005 3180 1072 3242 etsi
1100 3179 1196 3242 enim

82 3284 277 3352 leibnitius
295 3287 450 3370 primum
467 3288 699 3368 excogitarit,
714 3304 757 3351 ac
773 3293 855 3368 post
871 3305 951 3350 eum
970 3287 1093 3368 plures
1110 3288 1206 3351 seri-v

82 3401 201 3474 ptores
229 3401 266 3460 ct
290 3394 448 3476 juristae
476 3393 671 3476 quamdam
689 3399 907 3475 potestatem
924 3393 1197 3456 ethnarchicam

82 3501 402 3582 proclamaverint,
423 3517 516 3582 quae
534 3500 687 3582 singulis
704 3499 861 3581 Regibus
890 3507 926 3563 et
953 3497 1112 3564 Statibus
1138 3499 1197 3580 jus

83 3605 215 3673 diceret
243 3606 292 3670 ad
321 3606 554 3688 quaestiones
571 3605 871 3670 internetionales
903 3605 1112 3686 solvendas,
1131 3605 1196 3668 sic·

84 3729 146 3795 que
163 3714 264 3779 bella
280 3718 434 3778 externa
451 3709 615 3790 vitanda;
648 3717 810 3775 attamen
837 3711 874 3775 in
898 3712 1017 3794 praxi,
1051 3711 1198 3793 rejectis

83 3839 247 3904 supremo
260 3821 411 3904 judicic,
430 3819 585 3885 salutari
613 3819 750 3884 influxu
764 3823 874 3901 etque
891 3819 1109 3884 auctoritate
1126 3837 1198 3882 mo·

84 3928 260 3994 deratrice
273 3927 372 3992 Petri
400 3925 669 4008 Successorum,
691 3925 939 3990 tantummodo
957 3929 1147 3990 remanent
1164 3929 1200 3988 et

86 4036 205 4117 rigent
220 4033 314 4116 regii
330 4049 560 4115 congressus,
579 4032 727 4115 publica
744 4031 895 4096 foedera
922 4037 958 4096 et
985 4031 1200 4097 collationes

85 4139 395 4220 internetionales‚
414 4140 452 4204 in
480 4140 609 4222 quibus
635 4157 759 4204 omnes
778 4145 911 4204 norunt
938 4157 1010 4204 non
1036 4140 1108 4221 jue,
1137 4138 1208 4202 sed

87 4249 387 4327 praestantiorem
400 4249 511 4314 armis
530 4253 567 4312 ut
583 4247 777 4331 plurimum
795 4249 1027 4332 praevalere.

1063 4351 1097 4404 1a
1204 4345 1210 4388 ἰ
