3058 4994
707 381 886 438 -474-

321 523 373 588 29
423 523 550 604 Quoad
567 541 626 588 res
643 523 753 588 etiam
769 524 926 607 publicae
945 523 1039 586 inter
1055 523 1150 586 bona
1166 522 1361 586 communia

234 631 422 694 nationum
442 632 655 706 recensitas,
672 647 714 694 eo
729 628 825 711 quod
842 631 921 692 usui
952 628 1131 692 communi
1149 633 1185 691 et
1201 629 1361 692 ministe-

234 738 288 801 rio
309 739 454 819 publico
468 739 683 820 inserviunt,
703 737 917 802 dimicantes
930 737 1175 800 sacratissimo
1191 740 1364 800 tenentur

234 845 356 910 cilicio
374 847 606 910 reverentiae
624 863 669 908 ac
696 843 999 922 conservationis
1034 844 1166 906 etenim
1198 859 1243 906 ex
1269 841 1364 905 Jure

235 953 398 1032 gentium
423 953 630 1034 proprietas
659 952 868 1030 sationalis,
895 951 1169 1034 quamplurimis
1201 949 1364 1032 praediis

235 1075 280 1120 ac
309 1057 460 1122 aedibus
489 1059 666 1140 peculiari
697 1054 759 1122 fini
781 1059 965 1140 religioso,
985 1057 1125 1136 morali,
1145 1057 1361 1135 scientifico,

236 1165 400 1228 artistico
420 1165 480 1228 vel
498 1165 676 1228 litterario
699 1164 828 1228 dicatis
846 1165 1014 1244 conflata,
1034 1181 1182 1245 prorsus
1206 1163 1363 1226 inviola-

239 1269 322 1334 bilis
340 1272 495 1335 habetur
512 1281 549 1335 et
561 1271 781 1334 declaratur:
800 1271 884 1335 binc
910 1273 947 1334 in
977 1270 1154 1351 ejusmodi
1171 1269 1361 1348 aedificiis,

235 1383 324 1457 puta
341 1379 498 1459 templis,
515 1377 745 1455 nosocomiis,
771 1377 948 1459 hospitiis,
969 1377 1114 1456 muscis,
1146 1376 1363 1458 gymnasiis,

235 1482 476 1564 bibliothecis,
493 1490 561 1548 etc.
580 1485 672 1564 erigi
684 1484 803 1547 solent
826 1485 965 1548 vexilla
987 1485 1065 1548 albi
1098 1483 1243 1562 coloris,
1274 1487 1313 1546 ut
1338 1501 1367 1546 a

234 1592 406 1654 tormenti
431 1591 591 1672 jactibus
631 1593 863 1672 (cadonazos)
894 1601 930 1656 et
960 1593 1125 1674 igniferis
1168 1591 1365 1674 glandibus

239 1696 418 1776 (bombus)
435 1699 612 1762 immunes
629 1707 833 1762 serventur.

255 1838 257 1846 =
326 1803 378 1866 3.⁰
425 1803 552 1884 Quoad
568 1808 656 1870 bono
673 1807 805 1870 civium
822 1807 1093 1890 particularium
1109 1823 1173 1870 seu
1199 1806 1364 1888 proprie¹

231 1915 343 1974 tatem
356 1913 548 1994 priuatum
569 1913 878 1994 praestabilienda
911 1921 965 1976 est
995 1915 1204 1977 necessaria
1236 1913 1365 1976 distin-

234 2020 306 2082 ctio
325 2020 419 2083 inter
429 2021 513 2100 jura
528 2031 564 2082 et
577 2020 696 2084 officia
714 2019 942 2098 certantium,
971 2029 1077 2100 prout
1090 2019 1224 2082 bellum
1249 2027 1365 2082 terre-

235 2131 310 2188 stre
325 2127 385 2189 vel
403 2127 621 2190 maritimum
638 2135 780 2206 gerant;
800 2127 844 2190 de
858 2127 1056 2189 violatione
1075 2131 1137 2188 aut
1169 2125 1364 2188 inviolabi-

236 2233 341 2298 litate
356 2234 591 2315 proprietatis
622 2235 790 2315 privatae
821 2234 857 2296 in
885 2233 990 2296 bellis
1024 2231 1213 2295 maritimis
1240 2248 1366 2294 sermo

237 2347 463 2422 opportunus
490 2357 571 2402 mox
588 2341 809 2417 instituetur;
827 2357 922 2403 nunc
936 2357 1023 2402 vero
1037 2337 1082 2402 de
1094 2337 1164 2401 hac
1181 2339 1365 2420 quaestio-

235 2462 294 2523 ne,
316 2445 382 2508 sub
401 2453 551 2526 aspectu
569 2445 806 2508 continentali
833 2445 1011 2526 inspecta,
1031 2449 1170 2508 tantum
1197 2461 1364 2525 agemus

325 2551 378 2613 De
397 2553 621 2632 proprietate
640 2552 798 2632 privata,
818 2568 898 2614 cum
928 2551 1061 2614 bellum
1086 2559 1261 2614 terrestre
1277 2567 1367 2613 con·

234 2657 366 2733 licitur,
387 2659 521 2737 duplex
539 2659 720 2720 sententia
748 2657 845 2738 apud
872 2657 1022 2738 juristae
1040 2659 1153 2738 viget:
1182 2657 1366 2735 nonnulli,

236 2764 389 2827 ducibus
425 2763 562 2843 Graue,
596 2765 871 2845 Byokershoek,
901 2765 1054 2846 aliisque
1086 2763 1366 2844 tractatoribus,

238 2870 463 2934 contendunt
477 2871 572 2934 bona
588 2872 721 2934 civium
740 2871 972 2952 pacificorum
990 2871 1219 2952 occupationi
1244 2877 1280 2932 et
1307 2887 1371 2933 re·

236 2977 395 3040 centioni
429 2977 558 3056 subjici
589 2995 654 3058 pro
687 2977 817 3040 debitis
849 2976 1129 3056 satisfaciendis,
1160 2977 1370 3057 sumptibus

239 3083 326 3147 belli
341 3083 572 3164 sufragandis
584 3083 645 3146 vel
659 3083 813 3147 inimicis
826 3083 872 3146 ad
885 3101 1012 3165 pacem
1025 3083 1218 3164 petendam
1232 3099 1370 3164 cogen-

238 3187 306 3266 dis;
323 3189 487 3270 plerique
501 3195 621 3252 autem
633 3189 655 3252 J
659 3189 731 3252 uris
748 3189 1044 3254 Intereationalis
1055 3191 1267 3272 scriptores,
1287 3189 1369 3270 qui-

237 3295 304 3359 bus
323 3296 478 3359 libenter
495 3295 772 3376 adstipulamur,
793 3303 960 3359 asserunt
986 3303 1095 3378 atquc
1126 3301 1270 3360 tuentur
1303 3311 1370 3359 res

238 3419 302 3465 seu
319 3402 416 3464 bonu
432 3403 659 3483 privatorum
689 3403 898 3466 nullatenus
930 3402 1111 3482 obJectum
1146 3419 1226 3465 esse
1253 3419 1368 3482 posse

238 3515 427 3589 capturae,
448 3509 696 3590 occupationis
722 3509 783 3572 vel
799 3509 1026 3588 retentionis,
1044 3508 1106 3572 sed
1125 3517 1265 3572 verast
1282 3525 1369 3589 pro-

242 3616 320 3696 prie
338 3615 436 3678 dicta
449 3615 730 3679 inviolabilitate
749 3615 900 3697 pollere,
931 3615 1017 3678 licet
1034 3614 1209 3697 quasdam
1241 3615 1369 3677 restri-

240 3723 380 3785 ctiones
394 3739 439 3786 ex
456 3727 552 3785 statu
571 3723 817 3804 exceptionali
833 3723 920 3786 belli
952 3721 1159 3786 necessario
1174 3720 1370 3786 derivatas

237 3827 442 3891 admittant.

331 3936 443 4000 Juxta
462 3937 604 4018 praxim
631 3937 728 4018 apud
754 3943 881 4017 gentes
914 3935 1151 4000 communiter
1178 3941 1371 4015 receptam

243 4045 339 4108 bona
354 4045 581 4125 privatorum
599 4043 754 4114 inbellis
771 4042 1089 4122 continentalibus‚
1104 4041 1208 4105 salvo
1221 4057 1371 4122 semper

235 4169 280 4214 ac
295 4151 483 4231 recognito
501 4151 680 4231 principio
698 4149 1002 4228 inviolabilitatis,
1028 4148 1164 4230 triplici
1181 4147 1367 4212 limitatio·

242 4258 281 4322 ni
300 4275 363 4322 seu
381 4259 587 4338 gravamini
605 4257 769 4338 subsunt,
801 4273 944 4338 nempe,
978 4256 1124 4336 tributo,
1139 4256 1370 4338 requisitioni
