3062 4994
527 313 705 371 -119-

80 459 271 522 auctoritate
283 474 356 522 uon
367 457 473 522 modo
490 455 768 539 permittendae,
788 454 1039 520 verumetiam
1057 453 1179 518 defen-

80 565 196 628 dendae
225 569 320 645 sunt;
339 561 379 648 ἃ)
396 562 673 646 praescribendi
699 581 880 628 numerum
912 560 1178 642 religiosorum,

78 671 140 734 sive
155 669 319 752 publicae
335 670 524 734 societatis
543 669 767 734 christianae
797 668 946 731 utilitati
963 667 1178 747 inserviant,

78 775 139 839 sive
153 793 238 839 suae
254 779 396 839 tantum
425 775 706 839 sanctificationi
730 772 932 853 attendant;
949 775 988 852 θ)
1017 770 1182 854 erigendi

77 898 171 944 novas
188 882 308 946 domos
326 887 364 944 et
374 883 591 965 provincias.
610 880 704 946 Hinc
731 880 890 962 injustae
907 884 1016 961 atque
1033 879 1180 958 injurio·

78 1003 125 1049 sae
139 986 326 1051 habendae
343 991 427 1051 sunt
444 987 544 1069 leges
562 964 703 1066 civiles,
730 1003 823 1068 quae
842 1003 907 1068 pro
926 983 1182 1066 amplectenda

77 1093 138 1156 rita
152 1094 324 1174 religiosa
340 1099 498 1158 aetatem
515 1093 700 1157 diversam
730 1094 775 1156 ab
794 1092 1046 1158 ecelesiastica
1063 1089 1181 1172 requi-

77 1200 184 1263 rebant
197 1207 261 1266 aut
277 1201 478 1283 requirunt,
498 1201 559 1266 vel
578 1207 718 1282 tempus
736 1199 961 1281 probationis
980 1197 1026 1262 ad
1044 1197 1181 1279 proles·

78 1305 192 1370 sionem
225 1308 433 1372 faciendam
465 1326 532 1390 pro
564 1308 680 1372 lubitu
713 1308 914 1372 saecularis
953 1305 1182 1370 auctoritatis

78 1411 260 1495 designant,
276 1415 338 1478 vel
349 1415 512 1479 habitum
536 1415 758 1497 religiosum,
786 1414 915 1478 saltem
933 1415 1039 1476 extra
1058 1429 1181 1474 mona-

78 1519 158 1582 sterii
188 1521 363 1601 claustra,
398 1520 604 1602 prohibent,
646 1521 707 1585 vel
747 1537 896 1584 numero
928 1517 1181 1600 religiosorum

79 1623 404 1692 limitesarbitrarie
439 1633 590 1710 ponunt,
626 1628 688 1692 vel
721 1627 868 1692 taudem
900 1643 966 1708 pro
1000 1623 1181 1708 erigendis

79 1735 162 1796 novis
179 1735 344 1800 domibus
371 1736 491 1800 civilis
517 1737 712 1817 potestatis
729 1737 876 1800 veniam
895 1737 932 1798 et
948 1732 1183 1798 annuentiem

79 1841 257 1917 postulant.
820 1915 822 1920 ,

148 1947 209 2013 Jus
226 1951 460 2034 approbandi.
480 1950 537 2014 Ad
554 1949 769 2030 Ecclesiam,
796 1949 946 2030 ejusque
964 1945 1107 2010 visibile
1125 1962 1183 2008 ca·

80 2055 129 2130 put
155 2053 354 2120 Romanum
386 2055 599 2120 Pontificem
637 2058 785 2137 insuper
818 2056 976 2136 pertinet
1009 2049 1183 2138 Ordinum

80 2155 291 2240 Regularium
320 2163 550 2244 approbatio;
571 2162 712 2243 dejure
734 2161 890 2242 positivo
909 2156 1116 2239 ambigendi
1132 2156 1182 2220 lo-

82 2277 128 2326 cus
142 2283 209 2331 non
233 2273 302 2347 est,
322 2278 402 2332 cum
421 2269 652 2350 exploratum
669 2267 717 2330 sit
746 2264 910 2330 Concilia
934 2263 1184 2328 Lateranense

80 2364 117 2430 lll
131 2376 162 2434 et
175 2371 417 2455 Lugduneuse
434 2373 470 2438 ΙΙ
488 2373 711 2453 decrevisse,
730 2389 776 2436 ne
794 2371 965 2450 deinceps
982 2369 1060 2431 sine
1089 2366 1182 2448 Apo·

81 2475 209 2543 stolicac
225 2479 328 2544 Sedis
351 2481 615 2562 approbatione
634 2479 755 2544 nullus
773 2495 889 2542 novus
908 2473 1004 2540 Ordo
1022 2474 1183 2536 institue·

81 2585 160 2646 retur
182 2587 227 2650 ob
261 2586 427 2668 pericula
459 2591 496 2651 et
528 2586 835 2668 perturbationes
869 2599 962 2665 quae
995 2598 1040 2645 ex
1073 2579 1185 2644 nimia

81 2685 283 2772 Religionum
301 2694 508 2776 frequentia
526 2695 613 2758 oriri
628 2699 778 2776 possent
794 2692 855 2774 (1);
871 2689 934 2754 sed
947 2689 1028 2770 ipsa
1041 2687 1184 2751 ratione

81 2799 216 2863 naturali
232 2800 343 2882 plane
360 2799 564 2864 ostenditur
579 2799 817 2881 Apostolicae
831 2797 914 2862 Sedi
928 2813 1007 2860 esse
1020 2794 1183 2858 deleren-

81 2897 145 2965 dam
160 2906 386 2970 exclusivum
404 2907 621 2970 facultatem
637 2905 839 2986 Religiosas
873 2901 1184 2984 Congregationes

81 3011 259 3093 sauciandi,
274 3031 474 3095 earumque
492 3014 657 3094 regulam
681 3029 744 3076 seu
772 3011 970 3093 specialem
987 3009 1184 3092 legislatio-

80 3128 145 3179 nem
164 3119 401 3202 approbandi.
430 3121 550 3185 Primo
568 3120 725 3202 quidem,
741 3119 827 3201 quia
843 3116 1046 3199 hujusmodi
1060 3117 1120 3196 jus
1138 3113 1185 3178 ad

80 3226 197 3290 rectam
213 3226 402 3292 Ecclesiae
432 3227 782 3291 administrationem
800 3224 981 3304 conducit,
1002 3239 1095 3303 quae
1124 3238 1183 3302 po·

80 3323 234 3395 tissimum
252 3331 298 3396 ad
316 3331 517 3398 Romanum
535 3332 745 3396 Pontificem
760 3333 914 3412 spectat:
934 3326 1064 3392 deinde
1081 3343 1183 3406 vero,

81 3431 315 3517 tuiamojoros
334 3454 482 3518 causae,
504 3437 550 3501 ad
574 3434 728 3502 salutem
754 3436 955 3500 animarum
974 3433 1183 3512 attinentes,

81 3543 245 3606 reservari
262 3542 382 3608 solent
399 3542 610 3608 Pontificiae
636 3543 864 3606 auctoritatis
878 3539 1016 3622 judicio
1030 3555 1073 3602 ae
1090 3555 1184 3602 com-

81 3648 258 3731 petentiam
287 3649 514 3732 Religionum
545 3657 668 3715 autem
695 3649 912 3732 approbatio
943 3647 1037 3711 inter
1055 3663 1185 3711 causas

82 3753 219 3832 maiores
235 3765 460 3823 recensetur:
478 3759 647 3841 denique,
664 3759 749 3840 quia
765 3758 903 3838 absque
921 3755 1186 3837 approbatione

83 3849 217 3927 Ordines
233 3862 406 3946 Religiosi
421 3881 539 3946 neque
556 3864 802 3945 securitatem,
823 3879 941 3945 neque
957 3861 1184 3926 immobilita-

86 4044 249 4064 Ἠ,-

142 4192 178 4258 (¹)
211 4195 279 4268 Cap.
289 4201 338 4256 llu.
350 4197 383 4254 de
395 4197 485 4269 Relip.
500 4197 642 4268 Domibua,
655 4203 684 4253 et
696 4213 756 4267 cap.
769 4199 844 4252 unic.
857 4198 919 4252 eod.
932 4198 976 4251 tit.
989 4199 1019 4249 in
1032 4201 1073 4250 bo
