3038 4994
780 389 959 450 ..200-

310 533 444 599 ratoris
460 535 498 598 et
513 550 766 598 successorum
778 533 870 615 ejus,
890 532 982 598 adeo
999 535 1040 596 ut
1061 531 1241 614 pecuniae
1270 531 1438 596 redirent

310 659 358 706 ex
372 639 492 706 fundis
504 639 649 722 ltaliae,
667 639 829 722 Africae,
860 639 983 720 Asiae,
1013 643 1124 722 atque
1155 655 1202 702 ex
1234 636 1371 702 dissitis
1389 637 1439 702 ad

310 747 533 830 Euphratem
549 748 761 830 provinciis3
781 764 863 812 eum
880 763 970 812 vero
986 746 1023 812 bi
1051 750 1252 830 proventus
1283 763 1330 809 ex
1359 745 1437 810 lon-

310 855 455 938 ginquis
467 854 668 938 provinciis
681 854 922 920 orientalibus
950 854 1015 918 vix
1042 853 1167 935 colligi
1195 857 1358 936 possent,
1391 852 1437 916 ob

311 960 477 1026 assiduas
493 961 740 1026 Barbarorum
753 961 993 1042 incursiones,
1009 959 1138 1042 quibus
1163 959 1436 1041 affligebantur,
1516 933 1517 1006 Ῐ

310 1065 557 1148 Imperatores
574 1085 637 1132 eos
654 1071 924 1132 commutarunt
940 1084 1022 1130 cum
1049 1065 1339 1148 possessionibus
1374 1081 1437 1146 po·

310 1171 390 1236 sitis
407 1172 444 1234 iu
461 1170 598 1254 Sicilia,
619 1171 803 1254 Calabria,
821 1171 1002 1251 Insubris,
1036 1169 1198 1252 Liguria,
1233 1170 1435 1250 Dalmatia,
1516 1161 1517 1218 Ϊ

311 1275 492 1358 Sardinia,
508 1277 668 1360 Corsica,
691 1279 892 1361 Hispaniis,
911 1279 1049 1360 Africa,
1069 1275 1213 1359 Galliis,
1237 1277 1438 1360 praecipue
1516 1351 1517 1356 ἵ

311 1400 401 1448 vero
415 1383 574 1448 initalia
591 1403 704 1467 usque
718 1385 765 1450 ad
778 1386 890 1467 Alpes
924 1383 1073 1464 Cottias3
1106 1400 1345 1466 praemonere
1375 1399 1439 1446 au·
1516 1409 1517 1460 j

311 1493 384 1552 tem
398 1489 503 1554 decet
515 1492 710 1556 nonnullas
725 1493 876 1555 istarum
902 1491 1172 1572 possessionum
1197 1489 1345 1572 oppida,
1380 1506 1438 1552 ur·
1516 1485 1517 1558 ]

311 1595 376 1660 bes
393 1601 503 1678 atque
520 1596 630 1660 etiam
648 1597 822 1679 quosdam
840 1597 955 1662 veluti
979 1597 1205 1678 principatus
1222 1594 1438 1677 complecti,

309 1701 415 1782 juxta
432 1703 644 1783 explicitum
657 1702 678 1767 J
681 1703 809 1768 oannis
827 1702 982 1767 Diaconi
1000 1703 1246 1767 testimonium
1263 1701 1323 1784 (1).
1516 1773 1517 1784 ,

400 1807 431 1872 N
436 1825 504 1872 unc
520 1825 608 1874 vero
625 1808 801 1890 ejusmodi
819 1810 990 1891 copiosae
1020 1809 1172 1874 divitiae
1201 1814 1238 1873 et
1267 1809 1441 1889 ingentes

247 1987 249 1992 ,
312 1915 573 1996 possessiones,
592 1915 644 1978 uti
656 1915 713 1978 ias
737 1921 792 1978 est
804 1915 992 1996 colligere,
1019 1933 1091 1979 non
1120 1914 1225 1978 modo
1239 1913 1442 1998 plurimum
1516 1975 1517 1982 ,

312 2021 499 2102 potentiae
515 2021 748 2086 Pontificibus
764 2021 932 2086 Maximis
964 2021 1214 2102 conferebant,
1231 2019 1296 2084 sed
1327 2019 1442 2083 etiam
1516 2051 1517 2068 2

313 2145 359 2190 ex
373 2128 455 2208 jure
468 2145 618 2192 romano
636 2145 805 2210 magnam
823 2129 1079 2192 auctoritatem
1104 2127 1193 2208 ipsis
1226 2125 1443 2190 tribuebant
1516 2147 1517 2206 1

312 2235 350 2298 in
367 2235 516 2298 colonos
534 2235 595 2316 qui
627 2233 815 2298 Ecclesiae
842 2235 1061 2317 patrimonia
1092 2233 1323 2311 excolebant
1353 2231 1443 2296 inde
1516 2279 1517 2324 ,

312 2341 449 2404 iactum
466 2346 533 2422 est,
553 2345 591 2404 ut
606 2339 777 2422 Episcopi
794 2341 928 2404 Romae
943 2341 981 2404 in
997 2357 1174 2404 summam
1192 2339 1360 2404 venerint
1375 2356 1441 2419 po·

312 2453 482 2512 testatem
522 2449 631 2512 etiam
662 2448 915 2529 temporalem,
946 2465 1040 2529 quae
1072 2447 1199 2528 regiae
1230 2446 1443 2527 comparari
1516 2435 1517 2510 ζ

312 2560 448 2650 possea
464 2561 573 2638 atque
590 2554 701 2620 Sedes
717 2555 881 2619 Romana
898 2573 945 2618 ex
974 2561 1061 2619 tunc
1089 2537 1263 2636 temporis
1287 2553 1443 2617 habere·
1516 2537 1517 2614 J

313 2667 372 2724 tur
390 2669 574 2744 tamquam
607 2669 784 2743 centrum,
818 2661 865 2726 ad
899 2661 995 2744 quod
1023 2661 1180 2743 undique
1208 2660 1445 2724 confluebant

313 2767 444 2831 ltaliae
458 2769 601 2832 incolae
618 2769 655 2831 in
674 2768 958 2850 calamitatibus,
978 2769 1107 2851 quibus
1125 2767 1261 2850 passim
1280 2765 1444 2830 vexaba-

314 2879 373 2938 tur
388 2873 590 2954 huJusmodi
607 2874 723 2956 regie.
1516 2857 1517 2882 ³

402 2979 522 3046 Statua
551 2981 703 3046 socialia.
725 2981 863 3046 Everso
889 2981 1050 3045 Romano
1079 2981 1249 3063 Imperio,
1283 2979 1446 3044 societas
1516 3021 1517 3026 κ

314 3085 411 3150 illius
428 3087 610 3151 infaustae
627 3088 758 3150 aetatis
792 3087 907 3152 tribus
933 3088 1076 3168 magnis
1098 3087 1370 3152 calamitatibus
1386 3086 1446 3149 af·

314 3193 519 3274 fligebatur,
537 3211 678 3275 nempe,
696 3191 841 3274 publica
874 3195 1105 3274 necessitate,
1132 3194 1335 3274 irruptione
1353 3191 1446 3255 Bar·
1516 3195 1517 3224 ³

314 3299 486 3364 berorum
504 3307 540 3364 et
557 3299 710 3381 punibili
728 3300 965 3364 derelictione
982 3299 1248 3382 Imperatorum
1266 3296 1444 3376 Orientis,
1516 3291 1517 3370 ἴ

315 3423 359 3469 ac
372 3406 524 3487 proinde
552 3407 739 3488 indigebat
766 3408 979 3490 benefactore
1007 3407 1068 3488 qui
1094 3407 1284 3489 suppetias
1312 3407 1445 3484 ferret,
1516 3469 1517 3476 ,

315 3513 487 3578 salvatore
521 3513 679 3595 quieam
698 3513 874 3576 acrebris
904 3513 1155 3577 invasionibus
1188 3512 1379 3592 liberaret,
1412 3517 1449 3574 et
1516 3513 1517 3572 3

309 3625 504 3701 protectore
518 3619 579 3700 qui
596 3619 633 3684 in
646 3619 745 3682 hisce
760 3635 881 3682 rerum
895 3617 1076 3699 adjunctis
1092 3619 1257 3682 ordinem
1270 3618 1449 3682 socialem
1516 3619 1517 3660 l

315 3727 478 3787 tueretur
504 3729 540 3787 et
563 3723 657 3788 bono
682 3723 863 3787 communi
895 3725 1113 3788 consuleret:
1133 3723 1263 3806 hinc,⁸)
1294 3741 1375 3788 cum
1412 3723 1449 3786 in
1516 3751 1517 3808 l

316 3829 552 3894 dissolutione
569 3829 718 3893 Romani
737 3829 886 3912 Imperii
900 3829 1097 3894 innumeris
1117 3830 1222 3894 malis
1237 3847 1448 3912 premeren-

316 3945 375 3999 tur
401 3935 526 4019 populi
544 3941 580 4000 et
597 3937 726 4018 quovis
761 3935 896 4000 auxilio
914 3940 1096 4017 carerent,
1130 3935 1303 4018 Episcopi
1338 3939 1448 3999 erant
1516 3973 1517 3976 =

389 4288 427 4356 (1)
467 4285 531 4342 Vua
547 4285 578 4340 S.
593 4285 728 4356 Gregorii.
743 4285 969 4354 nb.11‚eap.ba.
