3038 4994
798 379 976 439 -288-

417 525 638 592 Praebebita
650 524 720 590 hcc
732 523 1060 604 animadversione,
1072 523 1202 604 sponte
1215 517 1399 601 colligitur
1414 525 1454 582 et

326 631 445 715 Reges
469 633 566 698 illius
584 632 730 712 aetatis,
750 631 894 714 quando
919 648 986 696 sua
1009 627 1143 712 agendi
1159 627 1300 692 ratione
1316 627 1453 691 consti·
1512 621 1513 688 l

326 739 502 804 tutionem
516 737 827 803 fundamentalem
846 736 1032 802 societatis
1049 750 1231 816 europeae
1246 731 1451 812 violabant,
1512 767 1513 796 r

327 844 466 910 monita
493 845 831 926 correctionemque
848 841 1082 926 Apostolicae
1098 840 1201 905 Sedis
1218 843 1454 904 contemnen·

327 959 396 1032 tes,
411 949 568 1032 juridice
586 951 755 1015 amittere
772 967 935 1032 regnum,
955 953 992 1014 et
1009 946 1202 1013 Pontifices
1218 945 1380 1028 legitimo
1394 945 1453 1025 ju·

328 1073 369 1122 re
385 1057 535 1139 pollere,
549 1073 629 1122 cum
646 1056 730 1120 illos
746 1054 931 1138 depositos
947 1054 1189 1134 declararent,
1204 1069 1247 1116 eo
1263 1050 1361 1134 quod
1378 1067 1453 1114 non

329 1162 485 1245 amplius
517 1163 776 1226 satisfacerent
807 1160 1006 1226 conditioni
1036 1157 1307 1239 catholicitatis,
1340 1173 1454 1240 quarn
1512 1153 1513 1248 i

329 1269 492 1334 unanimi
518 1269 675 1334 omnium
694 1285 873 1334 consensu
889 1268 1042 1351 implere
1071 1264 1286 1332 tenebantur
1313 1263 1453 1328 Princi·
1512 1263 1513 1324 l

328 1393 394 1458 per
407 1380 493 1440 tunc
507 1375 680 1457 temporis
694 1381 904 1457 regnantes.

417 1481 570 1546 Ratione
586 1483 792 1568 juramenti.
818 1480 891 1546 Sub
920 1481 992 1546 alio
1020 1481 1168 1562 insuper
1196 1481 1368 1560 respectu
1397 1477 1453 1540 ias

329 1592 410 1652 erat
426 1587 587 1652 Romano
604 1587 769 1652 Pontifici
786 1587 944 1670 antiquis
962 1585 1185 1667 temporibus
1202 1583 1318 1665 Reges
1336 1600 1455 1648 remo·
1512 1587 1513 1624 l

328 1711 431 1774 vere,
451 1693 618 1758 nimirum
643 1697 794 1776 propter
811 1693 996 1776 publicam
1014 1691 1250 1757 violationem
1278 1689 1454 1754 solemnis

1512 1339 1513 1390 l

1512 1459 1513 1510 l

1512 1513 1513 1556 l

1512 1559 1513 1586 l

324 1798 576 1880 jurisjurandi.

417 1904 529 1970 Juxta
547 1905 844 1970 consuetudinem
868 1905 1009 1969 mediae
1025 1903 1156 1969 aetatis
1176 1901 1271 1984 apud
1284 1901 1455 1966 nationes

329 2009 498 2094 Europae
516 2011 755 2076 communiter
783 2017 982 2092 receptam,
1000 2011 1036 2074 in
1065 2009 1291 2092 promotione
1316 2005 1454 2072 Princi-

330 2135 414 2201 pum
431 2115 478 2182 ad
494 2117 632 2198 regiam
650 2117 863 2198 dignitatem
881 2115 1016 2198 duplex
1033 2115 1205 2196 religiosa
1229 2112 1455 2178 caerimonia

329 2225 561 2305 servabatur,
581 2225 758 2289 coronatio
781 2239 912 2306 nempe
930 2231 1041 2306 atque
1057 2221 1284 2303 consecratio,-
1296 2220 1379 2302 Jam
1396 2237 1454 2284 ve·

330 2349 384 2414 ro,
402 2349 482 2394 cum
499 2329 616 2412 Reges
634 2347 808 2394 coronam
826 2329 1050 2412 acciperent,
1080 2329 1329 2409 juramentum
1363 2327 1454 2390 sole-

330 2455 412 2501 mne
423 2436 663 2518 praestabant
679 2436 723 2500 de
741 2437 885 2518 publico
903 2435 997 2500 bono
1010 2439 1111 2499 recte
1122 2433 1297 2514 curando,
1313 2437 1352 2498 et
1364 2431 1453 2498 reci·

329 2559 441 2625 proce
465 2547 785 2624 repraesentantes
801 2541 925 2624 populi
942 2541 1004 2606 vel
1020 2540 1247 2606 diversorum
1272 2538 1453 2618 ordinum,

328 2649 398 2712 hoc
422 2651 489 2730 est,
507 2648 694 2728 nobilium,
713 2648 929 2712 clericorum
947 2652 984 2712 et
1000 2646 1279 2729 municipiorum
1294 2643 1454 2728 Regibus

329 2752 532 2818 reddebant
554 2754 800 2833 juramentum
824 2752 1023 2833 fidelitatis;
1042 2752 1108 2818 sed
1135 2757 1326 2836 utrumque
1356 2753 1454 2833 jnra-

330 2865 489 2924 mcntum
516 2860 749 2924 emittebatur
766 2861 804 2924 in
832 2860 999 2926 manibus
1015 2859 1217 2941 Ecclesiae,
1236 2875 1302 2924 seu
1328 2875 1454 2922 coram

328 2965 499 3031 Praelato
526 2966 722 3047 principali
750 2967 866 3048 regni,
885 2965 957 3048 qni,
975 2965 1087 3030 semel
1116 2965 1215 3030 facto
1239 2968 1276 3029 et
1303 2970 1453 3047 recepto

324 3073 545 3154 juramento,
565 3070 700 3152 Regem
717 3088 822 3136 sacro
840 3072 911 3136 ritu
929 3070 1183 3136 consecrabat.

419 3177 474 3242 Ex
490 3176 560 3241 hac
586 3177 759 3260 religiosa
775 3177 883 3260 praxi
900 3184 937 3242 st
963 3177 1117 3242 solemni
1136 3175 1365 3242 caerimonia
1381 3176 1453 3260 pla·

328 3301 375 3350 ne
402 3283 595 3365 conjicitur
612 3283 813 3348 Ecclesiam
844 3283 972 3348 haberi
999 3299 1067 3348 ceu
1094 3282 1373 3366 depositarium,
1406 3287 1454 3346 te·

329 3396 420 3455 stem
440 3407 485 3454 ae
505 3388 663 3471 judicem
682 3389 861 3471 reciproci
873 3389 1073 3471 jnramenti
1090 3389 1198 3471 Regis
1212 3395 1248 3453 et
1265 3388 1409 3471 populi;
1426 3386 1453 3452 si

330 3495 475 3578 qnando
502 3501 622 3559 antem
652 3494 800 3558 dissidia
826 3495 885 3560 vel
913 3495 1166 3561 contentiones
1194 3495 1291 3559 inter
1318 3493 1454 3576 Regem

330 3619 375 3665 ac
414 3601 600 3683 populum,
635 3601 751 3682 primo
780 3606 972 3683 utrumque
1000 3599 1236 3683 corripiebat;
1265 3599 1452 3681 deinceps,

329 3709 360 3772 si
388 3708 655 3788 correptionem
679 3713 908 3789 spernerent,
927 3711 963 3772 et
987 3707 1162 3790 populum
1177 3705 1359 3772 rebellem
1376 3722 1453 3770 cen·

329 3813 423 3878 suris
440 3812 652 3894 impellebat
676 3811 723 3876 ad
739 3810 951 3876 fidelitatem
968 3811 1059 3895 Regi
1083 3811 1318 3894 servandam,
1337 3815 1377 3876 et
1392 3810 1454 3875 Re-

329 3938 412 4003 gem
437 3937 497 3984 res
515 3919 643 3985 civiles
656 3919 752 3984 male
769 3925 958 4001 gerentem
986 3921 1033 3985 ad
1050 3920 1162 3986 cilicii
1179 3920 1454 3986 observantiam

329 4026 551 4091 salutaribus
567 4025 712 4090 monitis
729 4043 773 4090 ac
796 4025 924 4109 poenis
941 4025 1126 4108 adigebat3
1146 4031 1332 4110 postremo
1350 4043 1451 4106 vero,

330 4131 361 4194 si
390 4131 467 4196 Rex
493 4131 530 4196 in
558 4131 628 4195 flde
642 4131 841 4213 juramenti
859 4131 1033 4197 violanda
1059 4133 1288 4216 persisteret,
1307 4137 1454 4216 pactum

329 4237 524 4302 rescissum
551 4237 765 4302 declarabat
781 4237 827 4302 ob
845 4237 1113 4304 contumaciam
1129 4242 1242 4323 atque
1257 4237 1453 4321 incorrogi·
