3062 4994
766 375 951 435 -168-

295 523 498 588 luctuosam
524 524 561 586 et
586 519 807 604 precariam,
825 525 866 585 ut
889 518 1000 585 etlam
1027 518 1155 586 mediis
1173 519 1286 584 cultui
1314 535 1423 602 pera·
1526 509 1527 586 ζ

295 628 413 712 gendo
431 631 468 693 et
483 628 598 692 sacris
627 625 836 692 ministeriis
865 625 1042 691 obeundis
1067 626 1235 691 absolute
1251 643 1422 692 necessa·
1526 701 1527 704 Ἴ

295 735 358 800 riis
383 733 655 815 destitueretur;
673 737 698 814 ⁰)
723 731 810 816 quia
837 733 875 798 ln
902 731 1096 816 hypothesi
1124 731 1424 798 adversariorum

295 858 429 924 magna
446 839 636 906 Ecclesiae
652 841 788 922 injuria
805 839 875 906 duo
905 839 1070 923 apprime
1099 838 1324 904 secernenda
1341 855 1423 922 per-
1526 831 1527 872 ³

295 949 505 1029 miscentur,
526 964 669 1031 nempe,
684 947 745 1028 jus
774 952 811 1010 et
838 945 1044 1010 ordinatum
1072 945 1287 1010 exercitium
1311 945 1421 1026 juris;

294 1054 464 1136 quemvis
481 1053 578 1118 enlm
594 1053 752 1118 societas
769 1053 943 1135 religiosa
951 1053 1036 1134 jure
1051 1052 1190 1134 polleat
1207 1051 1423 1135 acquirendi
1526 1059 1527 1076 ¹

294 1165 333 1226 et
349 1159 557 1244 possidendi
574 1177 640 1243 pro
668 1160 739 1226 llus
767 1177 832 1224 suo
861 1159 1072 1240 obtinendo,
1092 1163 1254 1224 attamen
1278 1157 1422 1241 absque

296 1267 576 1350 proportionata
603 1285 715 1332 causa
732 1285 916 1350 nunquam
933 1266 1148 1332 societatem
1175 1266 1322 1330 civilem
1338 1281 1423 1348 gra·
1526 1349 1527 1358 ἵ

295 1377 373 1452 vat,
399 1373 476 1456 sed,
502 1391 583 1439 cum
611 1391 658 1438 ex
687 1373 756 1438 Dei
782 1373 1014 1439 ordinatione
1041 1377 1195 1457 utraque
1222 1373 1260 1436 in
1288 1371 1424 1437 mundo

296 1497 539 1564 perseverare
567 1479 712 1561 debeat,
730 1479 897 1545 Ecclesia
921 1479 974 1544 ita
1003 1497 1070 1544 sua
1094 1479 1178 1560 jnra
1201 1483 1362 1562 exercet,
1384 1485 1426 1543 ut
1526 1479 1527 1552 ἶ

296 1587 444 1652 minime
460 1587 722 1668 impossibilem
750 1585 881 1652 reddat
898 1586 1103 1650 ordinatam
1131 1585 1251 1650 civilis
1267 1583 1425 1650 sociata·

297 1695 344 1758 tis
368 1693 613 1775 existentiam
629 1690 655 1774 d)
685 1693 771 1777 qula
788 1693 955 1759 Ecclesia
985 1697 1041 1757 est
1065 1692 1223 1757 societas
1239 1691 1423 1774 superior,

298 1799 453 1881 ideoque
470 1817 542 1864 non
560 1807 615 1864 est
631 1799 754 1866 Status
781 1800 900 1864 civilis
918 1799 997 1882 ejus
1016 1797 1313 1882 acquisitionibus
1330 1798 1426 1862 limi·
1526 1799 1527 1882 l

296 1911 353 1970 tes
370 1923 569 1988 apponere,
586 1905 650 1970 sed
667 1906 714 1970 ad
741 1907 859 1989 ipsam
876 1904 1066 1970 exclusive
1094 1908 1241 1986 spectat
1253 1904 1426 1986 judicare

298 2015 335 2076 et
352 2012 502 2077 delinire
516 2030 702 2097 quousque
719 2030 758 2078 se
775 2012 971 2095 protendat
984 2011 1147 2094 legitima
1165 2012 1325 2076 evolutio
1342 2028 1427 2076 suo·

297 2135 377 2182 rum
402 2119 550 2200 jurium,
570 2123 606 2183 et
622 2119 770 2202 quinam
785 2119 930 2182 termini
959 2119 997 2183 in
1021 2117 1228 2184 eorumdem
1245 2117 1425 2182 exercitio

297 2225 472 2289 servandi
503 2225 586 2306 sint,
616 2243 662 2290 ue
689 2225 858 2290 laedatur
885 2225 1043 2290 societas
1073 2225 1205 2289 civilis:
1238 2223 1333 2288 unde
1359 2241 1426 2310 po·
1526 2235 1527 2310 l

298 2337 370 2398 test
386 2333 554 2398 velnova
567 2334 702 2416 legata,
718 2333 848 2398 saltem
863 2333 1111 2414 immobilium,
1126 2351 1198 2396 non
1211 2338 1425 2414 acceptare,

298 2439 328 2502 si
345 2457 433 2504 vere
457 2438 493 2503 id
510 2439 628 2506 Statui
645 2441 746 2504 civili
763 2444 926 2520 noceret,
948 2440 1008 2504 vel
1037 2444 1261 2523 opportunas
1285 2439 1425 2504 Prinei·
1526 2477 1527 2480 =

297 2563 383 2627 pum
421 2546 702 2611 reclamationes
730 2548 931 2628 suscipere,
958 2547 1083 2629 eisque
1117 2547 1274 2629 benigue
1306 2545 1425 2611 indul·
1526 2541 1527 2602 l

298 2667 398 2733 gere,
424 2653 455 2716 si
486 2653 538 2716 ita
570 2671 635 2735 pro
669 2654 763 2718 bono
797 2653 977 2718 communi
1005 2657 1042 2718 et
1074 2659 1199 2717 mutua
1226 2653 1428 2718 concordia
1526 2715 1527 2724 ,

299 2758 526 2822 asservanda
556 2760 683 2825 melius
700 2758 916 2842 expedierit.
936 2759 1024 2824 Cum
1043 2777 1131 2824 vero
1162 2760 1206 2823 de
1236 2777 1275 2824 re
1299 2761 1428 2842 magni
1526 2781 1527 2842 j

299 2863 471 2928 momenti
488 2883 505 2928 a
511 2871 631 2946 gatur,
648 2865 851 2947 huJuemodi
866 2867 1115 2948 quaestionem
1130 2865 1299 2940 distincte
1312 2875 1427 2950 atque

299 2971 504 3035 summatim
517 2978 746 3054 pertractare
760 2991 950 3037 necessum
969 2979 1036 3036 eat.
1526 2955 1527 2980 ¹

388 3077 443 3142 96,
490 3076 546 3142 Ex
574 3084 777 3142 commento
807 3079 1081 3161 Regalistarum'
1104 3078 1332 3161 Principibus
1360 3080 1427 3144 tri·

299 3185 485 3250 buentium
513 3185 573 3266 jus
603 3185 816 3249 coarctandi
846 3189 1064 3267 potestatem
1097 3183 1242 3266 plenam
1270 3189 1306 3248 et
1332 3185 1427 3249 inte·
1526 3219 1527 3234 ι

300 3309 416 3375 gram,
435 3309 529 3376 quae
547 3291 735 3356 Ecclesiae
754 3292 927 3374 competit
943 3291 990 3355 ad
1014 3291 1298 3374 comparandum
1315 3297 1353 3355 et
1369 3309 1427 3356 re·

299 3399 486 3463 tinendum
499 3399 695 3463 dominium
708 3397 840 3462 stabile
854 3398 1030 3462 bonorum
1044 3398 1306 3479 temporalium,
1321 3403 1427 3463 recto
1526 3443 1527 3466 1

300 3505 446 3570 tramite
474 3506 606 3588 prodiit
623 3505 830 3588 perniciosa
847 3512 884 3568 et
900 3523 1056 3569 erronea
1073 3507 1428 3572 Decumortizctionia
1526 3497 1527 3564 ἶ

301 3610 444 3692 theoria,
461 3612 612 3694 eJusque
629 3613 755 3694 iniqua
772 3618 883 3694 atque
901 3611 1073 3675 damnata
1085 3613 1221 3697 procia.
1526 3691 1527 3700 ἵ

391 3719 692 3800 Doaumortiaalio,
707 3719 814 3799 Juxta
839 3717 983 3782 modum
1008 3719 1179 3802 loquendi
1206 3717 1302 3800 apud
1319 3735 1428 3801 rega·
1526 3701 1527 3782 ³

300 3825 404 3890 listas
428 3831 465 3890 et
488 3825 660 3890 liberales
679 3827 814 3909 passim
831 3827 1017 3906 usitatum,
1036 3825 1171 3908 duplici
1198 3843 1306 3890 sensu
1323 3843 1428 3890 usur·

301 3934 382 4015 pari
414 3937 547 4016 potest,
574 3934 696 3998 activo
724 3937 760 3998 et
789 3933 950 4015 passivo:
982 3933 1276 3998 desamortizatio
1307 3935 1428 4000 colica

301 4047 544 4125 nuncupatur,
564 4039 707 4124 quaudo
736 4039 954 4122 temporalia
979 4039 1167 4104 Ecclesiae
1190 4039 1287 4104 bone
1303 4041 1426 4122 profe·
1526 4037 1527 4114 l

296 4155 446 4230 uantur,
466 4155 503 4213 et
518 4149 556 4213 in
572 4148 768 4213 dominium
785 4146 969 4228 privatum
986 4159 1024 4211 et
1050 4145 1234 4212 hominum
1251 4164 1427 4212 commer·

302 4253 397 4319 cium
410 4255 574 4338 veniunt;
583 4257 730 4341 passiva.
748 4262 869 4320 auteur
882 4255 1101 4337 nominatur,
1117 4272 1198 4320 cum
1210 4254 1426 4338 prohibetur
1526 4339 1527 4344 ἵ
