3038 4994
788 347 966 408 ..ooa-

314 490 474 573 innixus,
493 490 573 556 sive
599 489 779 573 religiosis
796 495 834 556 ut
852 489 1058 558 Orientales
1085 491 1133 556 ad
1161 489 1246 556 fidei
1262 491 1446 557 unitatem

315 613 494 663 revocare
522 601 659 679 posset,
678 597 758 661 sive
775 597 934 680 politicis
959 615 1005 663 ne
1037 597 1261 664 restabiliret
1284 615 1446 680 parvum

315 703 506 785 imperium
522 703 630 768 simul
647 721 669 766 a
697 701 849 768 Graecis
880 708 918 769 et
940 703 1193 786 Longobardis
1221 705 1443 786 impetitum,
1513 733 1514 792 j

314 810 473 875 nondum
501 809 663 875 excussit
691 809 819 874 inutile
846 827 890 874 ac
907 811 1138 875 vexatorium
1155 809 1444 892 Byzantinorum
1513 829 1514 870 3

310 917 450 998 jugum3
493 923 616 982 tamen
655 916 820 998 permisit
854 918 981 998 negari
1020 915 1173 982 Graecis
1198 916 1336 982 tributa
1376 934 1443 982 seu
1513 903 1514 992 }

314 1021 487 1104 suspendi
535 1021 792 1104 obedientiam,
842 1021 958 1088 donec
995 1023 1184 1088 Ecclesiae
1225 1023 1441 1087 reconcilia·
1513 1045 1514 1106 }

315 1133 452 1198 rentur.
1513 1203 1514 1210 χ

403 1235 570 1320 Defensio
586 1255 608 1300 o
627 1234 878 1318 Loopobordio.
897 1234 939 1300 In
957 1233 1027 1300 hoc
1054 1251 1176 1299 rerum
1191 1238 1291 1300 statu
1314 1252 1439 1317 super·

315 1345 496 1406 venerunt
507 1341 734 1406 incursiones
748 1340 1154 1424 Langobardorum,qui
1168 1341 1234 1406 sub
1247 1340 1438 1424 Luitprau·
1513 1351 1514 1424 J

314 1445 359 1509 do
373 1447 532 1528 ipsorum
551 1461 638 1528 rege
656 1450 774 1510 terras
792 1463 916 1510 omnes
934 1451 971 1510 et
989 1447 1236 1528 possessiones
1253 1445 1439 1512 Romanae
1513 1443 1514 1538 ξ

313 1552 416 1618 Sedis
434 1550 671 1632 invadebant,
690 1550 912 1634 Romamque
930 1552 999 1616 sibi
1016 1551 1197 1634 subjicere
1226 1552 1439 1618 adniteban.

313 1661 384 1738 tur,
404 1663 440 1720 et
455 1657 607 1722 Romani
623 1656 816 1724 Pontifices
842 1658 903 1741 qui
936 1664 1021 1722 tunc
1049 1659 1236 1740 temporis,
1272 1660 1439 1740 quamvis

313 1763 542 1845 Imperantes
560 1761 722 1826 Graecos
740 1762 858 1828 adhuc
876 1767 1133 1845 agnoscerent,
1149 1768 1283 1844 tamen,
1317 1780 1439 1829 rerum

314 1871 494 1952 adjunctis
513 1871 564 1934 ita
580 1871 815 1953 poscentibus
829 1870 874 1936 de
900 1871 1000 1936 iacto
1033 1869 1222 1953 Principes
1254 1875 1371 1952 erant,
1403 1875 1441 1936 et

313 1978 422 2059 longe
434 1977 581 2060 lateque
594 1977 631 2042 in
651 1995 783 2059 magna
795 1977 926 2042 Italiae
958 1981 1064 2060 parte
1091 1975 1383 2058 dominabantur,
1401 1977 1440 2042 iu

313 2085 382 2152 hoc
399 2091 474 2149 tam
491 2103 623 2166 magno
642 2085 851 2150 discrimine
868 2083 1007 2148 versati
1020 2082 1067 2148 ad
1097 2083 1260 2149 Francos
1287 2102 1327 2148 se
1355 2103 1439 2149 con·

313 2195 519 2272 verterunt,
536 2197 576 2256 ut
593 2192 658 2256 illa
676 2192 814 2256 auxilia
845 2191 1063 2274 obtinerent,
1097 2209 1192 2276 quae
1223 2193 1360 2257 irustra
1391 2193 1440 2258 ab

312 2297 600 2381 Imperatoribus
619 2295 771 2364 Graecis
788 2298 1053 2380 efflagitabant.

402 2405 448 2468 Et
466 2404 609 2487 quidem
639 2422 685 2468 cx
717 2403 880 2470 Historia
907 2405 1146 2470 invictissime
1172 2407 1354 2470 constant:
1386 2404 1441 2470 1.⁰

312 2509 511 2593 Gregorius
527 2509 581 2575 Ill
598 2510 645 2574 ad
660 2509 829 2588 Gerulum
847 2511 1053 2576 Martellum
1079 2515 1327 2594 nuncupatum
1338 2511 1441 2594 lega-

313 2618 447 2681 tionem
465 2617 561 2680 misit
574 2617 621 2682 ad
634 2617 747 2699 ipsius
761 2635 867 2700 opem
879 2617 1147 2700 implorandam
1174 2620 1212 2682 in
1243 2623 1298 2682 tot
1324 2636 1440 2700 angu-

311 2723 392 2786 stiis
426 2723 554 2805 quibus
594 2717 840 2806 premebatur,
867 2724 982 2788 donec
1011 2721 1048 2788 S.
1079 2723 1277 2788 Zacharias
1308 2741 1442 2805 pacem
1513 2731 1514 2792 l

312 2829 394 2892 iniit
407 2845 487 2893 cum
503 2828 769 2912 Longobardis,
788 2830 1015 2914 populusque
1040 2829 1223 2894 Romanus
1255 2848 1299 2894 ac
1331 2830 1441 2894 liniti-

312 2935 535 3016 maeurbes,
556 2935 1059 3016 paceobtenta,Pontiflciae
1092 2936 1231 3016 ditioni,
1266 2952 1359 3019 quae
1394 2937 1442 3001 de

312 3041 484 3106 universo
503 3041 663 3124 ipsorum
681 3042 775 3106 bono
793 3045 830 3105 et
852 3041 973 3124 quiete
1001 3043 1134 3107 merita
1157 3046 1249 3124 erat,
1269 3043 1363 3106 ultro
1399 3059 1440 3107 se
1513 3067 1514 3134 l

310 3148 559 3230 subjecerunt,
577 3164 647 3229 quo
664 3148 763 3211 facto
780 3147 932 3212 Romani
945 3147 1137 3213 Praesules
1153 3147 1244 3212 nihil
1257 3149 1439 3230 ejusmodi
1513 3135 1514 3214 l

310 3256 516 3336 cogitantes
544 3254 625 3317 veri
642 3253 829 3336 Principes
846 3257 956 3336 atque
974 3254 1144 3336 publicae
1160 3255 1215 3319 rei
1232 3254 1439 3320 moderato·

312 3379 372 3427 res
390 3363 622 3442 exstiterunt,
641 3361 971 3426 incuntcsfoedera
998 3379 1042 3426 ac
1071 3361 1116 3426 de
1147 3362 1244 3426 bello
1275 3367 1312 3427 et
1344 3381 1440 3445 pace

311 3469 565 3550 decernentes;
584 3467 636 3532 2.⁰
653 3466 858 3550 Stephanus
875 3468 911 3533 II
927 3469 1084 3551 vestigia
1101 3467 1271 3551 Gregorii
1298 3469 1351 3534 III
1381 3471 1441 3536 sui
1513 3479 1514 3558 l

312 3573 606 3656 praedecessoris
624 3591 847 3654 premensse
876 3573 923 3637 ad
954 3573 1116 3640 Francos
1150 3575 1317 3656 contulit,
1336 3575 1441 3659 Alpi·

311 3679 450 3760 busque
467 3679 649 3760 superatis
665 3679 832 3760 Pipinum
849 3683 1089 3761 cognomento
1105 3680 1260 3746 Paremn
1277 3679 1367 3745 adiit
1393 3681 1442 3745 ad

310 3785 428 3867 ipsum
445 3783 700 3866 inducendum,
715 3789 754 3850 ut
770 3785 920 3850 Romam
951 3791 1191 3870 caeterasque
1224 3786 1356 3852 Italiae
1382 3806 1439 3854 re·

310 3893 437 3974 giones
450 3891 528 3972 jam
545 3891 614 3954 sibi
628 3891 805 3956 obnoxias
819 3910 841 3956 a
856 3892 1073 3958 ferocissimi
1090 3892 1221 3958 Astnlfi
1237 3911 1301 3958 seu
1318 3893 1439 3958 Astol·

310 3999 373 4079 phi
385 3998 482 4078 regis
498 3997 824 4078 Longdbardorum
841 3999 1047 4081 rapacitate
1075 3999 1265 4082 liberaret,
1284 4001 1358 4083 qui,
1380 4017 1439 4064 oc·

313 4108 445 4184 cupato
486 4102 697 4170 Exarchatu
736 4104 1023 4187 Ravennatensi,
1055 4105 1192 4170 Romae
1230 4123 1298 4171 sua
1332 4124 1440 4170 arma

310 4209 448 4274 inferre
463 4209 688 4292 imminebat,
707 4213 747 4274 nt
764 4229 808 4274 ea
824 4212 964 4294 pariter
980 4211 1158 4294 potiretur
1174 4229 1245 4276 una
1259 4229 1340 4277 cum
1353 4229 1438 4294 pos·
