3028 4992
773 375 951 436 -396-

296 519 531 601 pendentiam
545 519 678 584 retinet
691 525 727 584 et
744 524 885 584 tantum
899 519 1054 583 habetur
1068 519 1193 582 unicus
1205 515 1425 594 Monarcba;

296 631 459 690 attamen
476 625 535 690 hic
548 625 585 688 vi
599 625 870 690 consuetudinis
884 625 1098 690 facultatem
1113 625 1265 687 assumit
1279 624 1427 686 mitten·

297 731 333 795 di
351 749 395 796 ac
411 731 611 815 recipiendi
629 731 847 813 legationes;
866 730 989 796 Status
1020 729 1214 812 compositi
1231 746 1297 811 per
1325 727 1426 792 unio·

297 855 380 902 nem
396 839 537 918 realem,
552 855 633 902 curn
648 845 812 902 veterem
830 837 1129 919 personalitatem
1143 839 1329 911 amittant,
1341 835 1426 916 jure
1501 839 1502 850 ³

297 943 491 1024 legationis
509 951 649 1022 carent,
668 942 765 1023 quod
791 941 959 1024 equidem
976 941 1109 1005 transit
1128 939 1175 1004 ad
1193 957 1329 1004 novum
1348 939 1425 1002 Sta·

297 1057 372 1112 tum
390 1067 436 1112 ex
452 1049 595 1113 fusione
612 1054 873 1130 emergentem
887 1047 1011 1112 Status
1026 1047 1216 1130 compositi
1230 1064 1296 1129 per
1311 1048 1426 1110 incor-

294 1157 524 1242 porationem,
544 1172 677 1237 exque
695 1155 860 1236 exsurgit
878 1171 970 1218 unus
987 1153 1109 1218 Status
1139 1153 1425 1235 praedominans

298 1270 335 1326 et
352 1263 445 1326 varii
463 1260 584 1326 Status
602 1261 843 1343 subordinati,
863 1277 988 1326 omnes
1011 1261 1120 1325 etiam
1133 1259 1216 1341 jure
1234 1259 1424 1324 nominan-

297 1367 334 1431 di
350 1369 410 1432 vel
428 1367 648 1450 suscipiendi
665 1368 806 1448 legatos
826 1369 1033 1449 privantur,
1053 1367 1141 1430 illud
1168 1367 1262 1431 enim
1280 1366 1329 1430 ad
1348 1364 1424 1429 Sta·
1502 1395 1503 1408 ¹

298 1481 372 1537 tum
390 1491 480 1538 vera
492 1475 716 1556 suprematia
734 1483 900 1538 ornatum
918 1474 1026 1556 plene
1044 1473 1269 1553 devolvitur;
1288 1473 1328 1536 ln
1345 1471 1424 1536 Sta-

299 1580 393 1642 tibus
409 1581 619 1661 compositis
638 1597 704 1662 per
732 1579 1015 1665 foederationem,
1051 1583 1215 1661 potestas
1232 1578 1421 1656 centralis,

299 1703 365 1768 pro
380 1687 535 1767 negotiis
552 1687 713 1750 externis
728 1687 875 1751 foedere
894 1687 1074 1750 communi
1092 1687 1303 1764 constituta,
1325 1686 1424 1766 lega·

299 1801 355 1857 tos
373 1795 482 1857 mittit
496 1801 603 1876 atque
620 1797 763 1876 recipit;
783 1795 904 1860 Status
938 1795 1131 1877 compositi
1161 1812 1227 1877 per
1246 1796 1424 1880 confoede-

298 1901 481 1981 rationem,
500 1907 679 1982 quatenus
696 1901 849 1983 quilibet
880 1901 1068 1983 propriam
1100 1901 1423 1983 independentiam

299 2007 336 2070 in
351 2005 476 2070 ordine
489 2005 654 2070 interiori
669 2013 778 2088 atque
793 2007 967 2072 exteriori
981 2009 1126 2088 retinet,
1143 2011 1295 2089 agentes
1310 2007 1419 2090 diplo·
1503 2059 1504 2068 ,

299 2113 450 2176 maticos
468 2111 662 2192 designare
679 2113 739 2175 vel
756 2113 949 2176 admittere
967 2114 1082 2178 libere
1097 2119 1261 2195 possunt:
1278 2113 1421 2177 demum

298 2217 419 2299 quoad
436 2217 558 2282 Status
575 2221 862 2300 semi-capream,
881 2221 1086 2285 tributarios
1102 2237 1147 2283 ac
1158 2227 1347 2304 protectos,
1362 2219 1420 2298 jus

300 2323 493 2404 legationis
512 2333 585 2386 lam
602 2326 764 2388 activum
793 2341 900 2406 quam
927 2327 1113 2406 passivum
1143 2324 1261 2389 Statui
1278 2325 1418 2406 majori,

299 2432 495 2513 principali
512 2437 575 2494 aut
591 2431 800 2512 protectori,
819 2448 948 2513 exque
979 2430 1199 2513 dependent,
1215 2431 1419 2494 adscriben-

299 2537 384 2600 dum
402 2545 468 2600 est.
507 2532 512 2542 '

389 2641 550 2705 Tandem
567 2643 719 2722 quaevis
733 2643 868 2724 legatio
887 2659 950 2706 seu
970 2643 1094 2706 missio
1112 2647 1234 2707 cessat
1251 2647 1315 2706 aut
1330 2643 1418 2706 linit:
1504 2637 1505 2708 l

299 2747 328 2826 ⁸)
347 2747 605 2827 adimpletione
619 2748 751 2828 objecti
767 2748 950 2830 specialis;
969 2745 995 2832 ³³)
1008 2748 1113 2830 lapsu
1130 2749 1306 2831 temporis
1320 2765 1419 2830 prae·

300 2852 405 2932 finiti;
423 2855 448 2930 ⁰)
468 2853 697 2916 abdicatione
716 2854 776 2916 vel
806 2861 921 2918 morte
948 2863 1023 2918 tum
1052 2854 1231 2936 Principis
1260 2855 1419 2933 legatum

301 2957 488 3036 mittentis,
508 2965 581 3020 turn
600 2958 778 3040 Principis
796 2960 843 3024 ad
860 2979 965 3041 quem
985 2961 1148 3024 minister
1165 2961 1417 3042 diplomaticus

301 3061 509 3142 minitant)
535 3063 784 3128 declaratione
814 3066 900 3130 belli
930 3067 988 3130 vel
1017 3066 1174 3148 simplici
1203 3067 1417 3150 abruptioue

300 3169 517 3232 relationum
535 3169 772 3251 regularium.

390 3275 444 3339 67.
493 3275 595 3355 Quod
614 3294 702 3339 vero
722 3277 768 3339 ad
793 3277 945 3357 gradum
963 3278 1253 3362 dignitatemque
1269 3279 1417 3361 Legato-

301 3399 379 3445 rum
408 3387 564 3463 spectat,
579 3383 687 3462 Juxta
705 3381 962 3463 dispositiones
980 3386 1017 3448 in
1036 3384 1299 3467 congressibus
1317 3385 1418 3448 Vien-

300 3489 404 3552 nensi
421 3489 536 3570 (1815)
554 3495 590 3551 et
603 3488 890 3569 Aquisgraneusi
909 3491 1023 3572 (1818)
1043 3491 1161 3555 editas
1178 3499 1214 3555 et
1231 3491 1419 3556 hodiedum

301 3595 371 3660 hac
398 3613 507 3678 super
524 3614 564 3660 re
581 3597 760 3676 vigentes,
781 3597 942 3678 Agentes
960 3598 1197 3678 Diplomatici
1214 3599 1251 3662 in
1269 3605 1421 3680 quatuor

300 3703 439 3765 classes
467 3719 530 3766 seu
559 3703 764 3782 categorias
793 3703 967 3784 distingui
996 3704 1128 3785 solent,
1155 3705 1341 3770 videlicet:
1373 3703 1420 3768 1.ἰ

300 3807 555 3886 complectitur
571 3807 700 3891 legatos
719 3809 867 3889 proprie
885 3817 922 3873 et
947 3809 1116 3874 absolute
1144 3809 1273 3888 dictos,
1292 3810 1347 3874 2?
1362 3810 1420 3874 mi·

301 3912 434 3974 nistros
455 3913 790 3995 plenipotenttore'oa,
811 3915 871 3996 qui
890 3917 999 3978 etiam
1015 3915 1128 3996 legati
1146 3916 1422 3982 ectroordinorii

302 4025 493 4096 vocantur;
523 4018 578 4080 3.*
608 4019 791 4083 ministros
823 4021 1029 4102 recidentem
1060 4021 1116 4084 4.·
1147 4031 1286 4107 agentes
1318 4039 1421 4104 nego·

300 4122 445 4185 tiorum.

392 4225 534 4292 Primae
561 4229 670 4294 classi
698 4248 761 4294 seu
780 4231 903 4296 altiori
926 4232 1057 4313 gradui
1082 4233 1318 4306 adscribendi
1342 4237 1421 4298 suut
