3096 4986
784 385 942 444 ..Ἰθ-

304 532 363 602 nis
375 531 498 618 adepti
515 530 664 612 luerint,
677 530 739 612 jm
755 533 793 598 el
809 527 968 597 cilicium
982 525 1176 598 hebereos
1186 524 1310 594 omnia
1320 539 1440 606 prae·

305 637 426 706 standi
454 655 549 722 quae
576 654 642 720 pro
673 635 932 704 consecutione
953 633 1034 702 dois
1067 631 1184 700 ultimi
1216 629 1441 699 necessaria
1534 695 1535 706 ¹

304 751 403 826 sunt,
420 745 507 828 quin
524 759 725 826 exposcere
741 748 805 809 ant
821 747 1038 824 exspectare
1069 744 1249 822 cogantur
1276 751 1438 802 consen-
1534 727 1535 762 ³

307 869 385 920 sum
402 857 609 936 parentum,
626 849 732 918 silllii
749 850 834 928 sint,
846 848 907 914 vel
920 847 1146 916 dominorum
1158 861 1318 924 suorum,
1333 843 1367 911 sl
1380 841 1433 908 de

305 957 605 1028 servisservitnti
622 957 770 1039 proprie
786 956 906 1022 dictas
930 954 1098 1022 obnoxiis
1129 957 1273 1034 agatur3
1294 948 1439 1017 etenim
1534 1039 1535 1044 Ἰ

306 1063 406 1130 salus
422 1068 573 1129 aeterna
588 1062 773 1144 negotium
791 1061 948 1128 maxime
964 1058 1190 1127 individuale
1207 1067 1263 1125 est
1286 1055 1335 1124 nd
1358 1055 1438 1122 sin·

308 1170 411 1252 gulos
428 1169 590 1236 homines
607 1167 745 1234 directe
755 1173 929 1250 spectans
947 1166 1114 1250 (quivero
1130 1185 1200 1234 ass
1223 1162 1436 1240 crediderit,

306 1276 619 1354 condemnandam·
638 1269 665 1352 ι’)
697 1273 912 1350 Ecclesiam,
937 1273 996 1338 cui
1012 1289 1059 1338 ex
1087 1269 1156 1337 Dei
1185 1269 1431 1351 dispositione
1534 1307 1535 1364 p

308 1379 528 1450 demandata
543 1386 599 1446 est
613 1398 703 1449 cura
719 1377 918 1462 adiuvandi
943 1379 1106 1461 singulos
1138 1375 1278 1442 salvari
1304 1374 1436 1440 volen-
1534 1383 1535 1454 ξ

308 1493 377 1570 tes,
392 1490 451 1570 jus
469 1504 612 1572 quoque
643 1493 680 1552 et
707 1487 865 1552 cilicium
889 1485 1025 1551 habere
1054 1483 1289 1566 suscipiendi,
1303 1481 1438 1546 invitis
1534 1473 1535 1556 J

309 1595 418 1662 etiam
435 1595 720 1677 parentibnsvel
751 1593 917 1674 dominis,
936 1590 1181 1660 heterodoxos
1210 1588 1436 1656 catholicam
1534 1607 1535 1686 ζ

307 1701 414 1766 iidem
427 1701 690 1783 amplectentes
704 1699 1023 1768 velschismaticos
1037 1698 1084 1766 ad
1100 1703 1265 1764 centrum
1281 1695 1438 1760 unitatis

312 1807 520 1889 redeuntee;
555 1811 581 1887 ⁰)
613 1807 800 1892 Principes
828 1807 1057 1887 christianos,
1092 1804 1222 1900 quibus
1250 1801 1433 1870 incumbit
1534 1801 1535 1896 ᾗ

310 1911 467 1978 cilicium
482 1913 567 1994 jura
583 1913 771 1980 Ecclesiae
786 1915 823 1980 vi
840 1919 984 1987 armata
1001 1911 1138 1990 tuendi,
1156 1928 1263 1978 suum
1293 1907 1439 1992 praesi-
1534 1911 1535 2002 l

310 2017 406 2084 dium
426 2020 602 2102 praebere
621 2021 736 2088 teneri
750 2026 823 2086 tum
840 2019 1029 2086 Ecclesiae
1042 2019 1218 2086 ministris
1247 2015 1442 2098 apostola·
1534 2009 1535 2102 l

311 2118 385 2192 tuni
402 2128 438 2190 in
455 2127 662 2209 regionibus
679 2127 893 2192 acatholicis
913 2127 970 2192 vel
995 2125 1238 2194 schismaticis
1256 2139 1443 2188 exercen·
1534 2107 1535 2198 Ῠ

311 2231 417 2312 tibus,
432 2239 506 2296 tum
524 2233 596 2297 illis
609 2233 785 2312 omnibus,
804 2233 865 2314 qai
883 2250 929 2300 ex
960 2231 1105 2296 haeresi
1137 2237 1200 2296 aut
1232 2229 1443 2294 schismate

312 2337 359 2404 ad
373 2337 548 2404 unitatem
565 2337 648 2404 fidei
661 2344 698 2404 et
722 2338 983 2404 communionis
1015 2341 1146 2419 sponte
1175 2335 1344 2402 converti
1374 2350 1444 2398 vo·
1534 2317 1535 2386 ἶ

311 2444 402 2508 lunt.
1157 2503 1165 2514 .
1534 2491 1535 2514 t

399 2549 456 2614 41.
499 2547 552 2614 25³
597 2549 653 2614 Ad
670 2548 868 2616 catholicos
884 2547 979 2614 buod
996 2551 1150 2628 spectat,
1166 2545 1439 2626 Ecclesiajure
1534 2527 1535 2618 l

313 2655 449 2736 potitur
467 2673 592 2722 veram
609 2657 810 2722 doctrinam
825 2656 989 2720 fidelibus
1005 2654 1249 2722 auctoritative
1266 2663 1303 2718 et
1316 2654 1443 2739 effica-
1534 2669 1535 2736 l

188 2765 195 2768 “
313 2761 398 2826 citer·
415 2761 652 2842 proponendi;
672 2775 989 2840 lucrosiusnlvn,
1004 2763 1031 2844 ⁸)
1047 2762 1239 2848 definiendo
1257 2759 1447 2826 veritates

313 2865 396 2932 fldci
414 2868 562 2948 propria
579 2869 834 2948 competentia,
853 2886 1024 2949 suprema
1052 2867 1274 2934 auctoritate
1293 2869 1330 2930 et
1349 2865 1446 2932 irre·
1534 2865 1535 2946 ἲ

313 2971 495 3036 formabili
516 2971 666 3052 judicio;
682 2969 709 3056 ¹⁰)
726 2974 923 3040 damnando
956 2978 1107 3040 cunctos
1132 2987 1279 3038 errores
1308 2970 1444 3036 divina
1534 3021 1535 3044 ,

314 3083 497 3162 potestate
536 3085 572 3144 ct
604 3079 854 3160 inappellahill
893 3082 1085 3146 sententia.
1117 3080 1212 3146 Hinc
1241 3077 1440 3144 Ecclesiae

314 3185 554 3266 competitjus
567 3183 820 3266 dogmaticum,
838 3191 911 3250 tam
931 3187 1140 3268 positivum.
1159 3187 1228 3252 hoc
1260 3195 1329 3265 est,
1349 3185 1441 3251 deli
1534 3183 1535 3274 ᾗ

314 3291 436 3356 niendi
453 3309 546 3374 quae
562 3309 653 3356 vera
669 3299 763 3372 suut,
782 3311 891 3374 quam
918 3295 1144 3375 negativum,
1169 3293 1292 3374 idest,
1312 3311 1443 3374 repro·
1534 3293 1535 3374 l

315 3397 423 3460 bandi
438 3415 531 3480 quae
544 3399 638 3462 l'slsa
652 3399 797 3478 luerint3
813 3401 898 3481 quin
912 3401 1111 3466 auctoritas
1130 3401 1250 3464 civilis
1266 3407 1445 3482 praetex-
1534 3383 1535 3464 Ῑ

314 3509 352 3566 tu
381 3505 548 3584 publicae
578 3506 873 3587 perturbationis,
902 3524 996 3589 quae
1025 3523 1072 3573 ex
1090 3507 1196 3574 novis
1214 3507 1444 3572 delinitioni-
1534 3499 1535 3580 l

316 3609 383 3672 bue
414 3625 476 3674 seu
506 3609 796 3676 damnationibus
825 3613 928 3694 sequi
946 3618 1106 3695 possent,
1134 3615 1259 3678 valeat
1284 3613 1444 3678 inhises

316 3713 424 3778 rebus
441 3731 521 3778 sese
537 3715 752 3780 immiscere.
1350 3779 1352 3784 ,
1534 3781 1535 3810 ἦ

405 3817 657 3884 urrtcscnaa
692 3821 840 3903 insuper
876 3839 1081 3904 proponere
1110 3827 1233 3906 potest
1270 3824 1445 3892 Ecclesia
1534 3881 1535 3916 ,

319 3921 536 3988 catholicam
555 3925 746 3990 veritatem
763 3928 837 3990 suis
854 3928 1017 3993 asseclis:
1034 3931 1060 4012 ⁸)
1078 3931 1283 3996 removendo
1320 3932 1447 3996 obsta·
1534 3949 1535 4014 t

317 4027 410 4108 cula,
420 4033 645 4108 quaercctae
658 4029 845 4096 doctrinae
860 4035 1087 4117 professioni,
1100 4043 1164 4100 aut
1177 4038 1444 4120 propagationi
1534 4031 1535 4098 l

317 4131 573 4214 adversantem
592 4135 686 4200 unde
710 4138 897 4218 speciatim
924 4139 994 4222 ipsi
1026 4140 1266 4208 deferendum
1295 4152 1353 4210 est
1379 4145 1442 4225 jus

318 4237 533 4320 prohibendi
561 4240 685 4323 libros,
703 4244 764 4324 qui
796 4243 1024 4312 intellectum
1052 4253 1269 4329 pervertere
1299 4251 1446 4332 possint
