3038 4994
804 381 985 440 -226-

300 587 312 604 ,
333 528 451 590 status
468 542 531 590 seu
549 525 725 590 territorii
743 525 897 606 alicuius
916 523 1152 604 extensionis,
1171 523 1313 588 ratione
1329 521 1456 586 habita
1501 535 1502 544 ¹

333 632 605 714 principatuum
625 631 951 712 circumstantium
970 629 1080 713 igitur
1096 628 1143 694 ad
1160 629 1303 711 plenam
1320 633 1358 692 et
1380 630 1455 692 evi·

334 737 478 802 dentem
503 737 711 802 libertatem
729 737 927 820 requiritur
944 736 1098 800 actualis
1115 741 1152 800 et
1168 734 1342 800 effectiva
1374 751 1454 816 pos·
1501 747 1502 752 ’

333 843 446 910 sossio
464 845 692 926 principatus
707 845 785 908 veri
798 843 965 908 nominis.
1501 839 1502 850 Ξ

422 949 539 1030 Major
567 949 674 1030 hujus
692 950 897 1031 argumenti
915 966 980 1031 per
1011 965 1051 1012 se
1068 951 1181 1030 patet3
1201 947 1376 1012 minorem
1394 965 1453 1010 eu·
1501 1025 1502 1030 Ξ

333 1059 405 1120 tern
420 1055 521 1120 facili
536 1055 816 1120 ratiocinatione
834 1055 1042 1136 probamus:
1061 1054 1123 1135 qui
1139 1070 1228 1118 vero
1247 1053 1454 1136 principatu

333 1183 396 1231 eeu
412 1165 587 1230 effectivo
605 1165 757 1246 imperio
775 1165 812 1228 in
830 1164 987 1246 aliquem
1006 1169 1139 1227 statum
1157 1168 1220 1225 aut
1234 1162 1454 1227 territorium
1501 1165 1502 1168 ’

333 1289 406 1336 non
424 1271 549 1353 pollet,
568 1269 736 1352 quamvis
765 1269 950 1352 personali
968 1269 1194 1332 immunitate
1212 1272 1248 1332 et
1264 1267 1366 1350 regio
1395 1268 1453 1331 ho·

333 1395 423 1442 nore
456 1377 649 1458 insignitus
681 1383 919 1458 supponatur,
939 1393 1027 1440 vere
1059 1380 1096 1440 et
1123 1375 1270 1458 proprie
1286 1383 1453 1439 censetur
1501 1449 1502 1460 Ξ

333 1485 552 1548 constitutus
569 1482 635 1546 sub
649 1487 832 1564 potestate
851 1483 946 1546 illius
964 1483 1025 1563 qui
1042 1482 1078 1545 in
1094 1482 1277 1547 territorio
1295 1481 1453 1546 domina·
1501 1505 1502 1510 ¹

332 1595 403 1669 tur;
421 1589 574 1670 ideoque
592 1605 710 1670 neque
728 1587 850 1670 plena,
869 1605 987 1670 neque
1003 1587 1165 1652 evidenti
1181 1587 1352 1652 libertate
1369 1589 1451 1652 frui-

333 1700 404 1776 tur;
423 1713 493 1758 non
503 1695 622 1778 pleno,
642 1694 728 1776 quia
741 1694 786 1758 ad
803 1712 979 1758 summum
992 1693 1169 1775 gauderet
1185 1694 1356 1758 libertate
1369 1711 1452 1776 qua·
1501 1725 1502 1784 ᾗ

334 1801 416 1864 dam
435 1801 605 1882 precaria
619 1807 655 1862 et
673 1806 938 1880 momentanea,
959 1801 1104 1864 minime
1116 1817 1204 1863 vero
1222 1799 1358 1879 stabili,
1376 1803 1453 1862 tuta
1501 1821 1502 1858 1

333 1911 370 1972 et
400 1913 650 1988 permanente;
681 1907 927 1986 neccoideati,
947 1906 1080 1970 etenim
1104 1922 1248 1987 semper
1276 1905 1453 1986 suspicari

332 2013 394 2078 vel
412 2013 539 2078 temeri
559 2018 682 2094 posset
701 2013 767 2093 vis,
789 2013 930 2077 coactio
946 2031 1009 2076 seu
1028 2013 1166 2094 pressio
1185 2012 1360 2094 principis
1385 2019 1451 2075 ter·

333 2119 521 2200 ritorialis,
552 2119 613 2200 qui
645 2124 774 2182 contra
791 2119 951 2200 reliquos
985 2119 1137 2182 influere
1168 2119 1280 2183 vellet
1311 2118 1371 2181 vel
1400 2120 1451 2182 sui

334 2227 454 2308 gratia
473 2225 533 2290 vel
545 2223 814 2288 foederatorum
833 2243 992 2290 suorum.
1012 2225 1166 2306 Insuper
1179 2226 1215 2290 in
1240 2225 1450 2306 propositio·
1501 2249 1502 2304 Ξ

333 2351 379 2396 ne
408 2333 536 2396 minori
569 2332 832 2396 affirmavimus
861 2332 908 2396 ad
940 2333 1157 2413 completam
1191 2332 1451 2397 immunitatem
1501 2309 1502 2402 Ξ

332 2441 551 2524 plenamque
584 2437 790 2502 libertatem
820 2439 956 2520 requiri
990 2439 1233 2520 principatum
1266 2439 1452 2520 cujusdam
1501 2435 1502 2524 Ξ

332 2548 503 2613 momenti
517 2565 580 2610 seu
596 2547 866 2628 magnitudinis;
881 2565 986 2612 secus
997 2547 1106 2627 enim,
1121 2548 1152 2612 si
1165 2547 1271 2612 nimis
1285 2549 1451 2628 exiguum

333 2659 370 2718 et
386 2655 579 2718 limitatum
596 2658 693 2718 esset
709 2655 826 2718 relate
857 2654 903 2718 ad
920 2659 1053 2720 statum
1073 2655 1259 2720 finitimum
1278 2655 1337 2718 vel
1365 2655 1446 2718 vici·
1501 2653 1502 2748 Ξ

332 2761 453 2824 niores
471 2759 637 2838 ditiones,
657 2759 807 2842 perinde
824 2767 921 2825 esset
940 2779 983 2824 ac
1001 2761 1031 2824 si
1051 2761 1223 2844 potestati
1247 2759 1451 2842 Principum
1501 2761 1502 2840 Ξ

333 2871 396 2930 aut
408 2865 545 2946 Regum
559 2863 729 2928 adfinium
744 2865 973 2947 subderetur,
990 2884 1069 2932 curn
1085 2867 1171 2931 data
1184 2868 1375 2931 occasione
1393 2866 1451 2930 vel

332 2971 494 3055 quolibet
511 2970 660 3034 obtentu
677 2972 774 3036 illius
804 2971 1107 3054 independentiee
1126 2979 1235 3055 atque
1252 2972 1450 3056 integritati
1501 3025 1502 3052 ,

331 3079 390 3142 isti
405 3078 578 3142 facillime
596 3083 778 3142 attentare
797 3079 985 3143 auderent.
1501 3135 1502 3140 ,

420 3184 573 3264 Deinde,
603 3185 633 3248 ei
651 3185 832 3250 Romanus
851 3186 1020 3251 Pontifex
1048 3205 1120 3271 pon
1152 3191 1250 3252 esset
1280 3187 1451 3269 Princeps

331 3308 533 3374 supremus,
553 3291 661 3354 etiarn
679 3291 715 3354 in
734 3291 860 3356 ordine
877 3293 1071 3374 temporali
1105 3311 1255 3375 prorsus
1283 3293 1450 3376 indepen·
1501 3355 1502 3366 ,

332 3399 433 3478 dens,
453 3399 661 3460 necessario
677 3397 840 3461 subditus
857 3398 1048 3462 deveniret
1060 3399 1214 3480 alicujus
1226 3401 1449 3483 imperantis;

331 3520 427 3566 nunc
445 3520 546 3582 vere,
566 3505 602 3566 in
628 3503 692 3574 tali
723 3505 930 3568 conditione
948 3507 1178 3589 constitutus,
1191 3531 1198 3538 ·
1213 3507 1314 3571 nullo
1345 3511 1449 3590 pacto
1501 3517 1502 3596 j

331 3607 543 3688 prospicere
558 3615 681 3689 posset
698 3609 887 3674 Ecclesiae
901 3611 996 3676 bono
1010 3613 1045 3676 in
1061 3612 1270 3694 regionibus
1282 3613 1348 3677 sub
1365 3613 1451 3676 alte·
1501 3609 1502 3640 Ξ

331 3714 406 3776 rius
422 3712 558 3778 ditione
574 3716 714 3796 positis,
734 3721 771 3780 et
787 3716 856 3780 hcc
876 3717 1021 3800 quidem
1057 3719 1193 3801 triplici
1228 3721 1451 3801 potissimum
1501 3701 1502 3796 Ξ

332 3819 465 3898 capite:
491 3817 518 3900 ⁵)
532 3836 578 3884 ex
597 3819 742 3886 delectu
759 3823 1008 3904 submissionis,
1027 3841 1110 3888 nam
1126 3825 1171 3889 ob
1190 3831 1385 3907 perpetuas
1402 3825 1450 3888 fe·

330 3941 370 3988 re
404 3925 609 3990 simultates
626 3933 663 3991 et
679 3945 846 4009 magnam
878 3929 1112 4013 zelotypiam,
1130 3949 1224 4014 quae
1252 3933 1350 3997 inter
1375 3948 1449 3995 sae·

331 4030 403 4094 culi
420 4029 607 4113 Principes
625 4034 751 4114 vigere
767 4035 900 4115 solent,
919 4035 1035 4118 tieret,
1055 4043 1094 4101 ut
1109 4038 1169 4102 isti
1199 4039 1451 4122 obtemperare
1501 4059 1502 4112 l

330 4139 538 4217 renuerent,
558 4137 795 4204 obtendentes
813 4141 987 4206 inflexum
1012 4143 1091 4208 sive
1109 4143 1288 4210 directum
1303 4146 1383 4210 sive
1399 4144 1449 4207 in·

331 4237 508 4304 directum
540 4239 727 4325 Gubernii,
757 4245 912 4328 subque
942 4245 1105 4332 degeret,
1122 4249 1161 4314 in
1191 4250 1334 4316 actibus
1363 4265 1449 4332 quos
