3028 4992
812 359 989 418 -316-

341 501 573 586 exploratum
586 503 633 566 sit
647 503 836 586 pactiones
852 503 948 568 ultra
962 519 1137 585 personas
1170 499 1467 566 contrahentium

342 609 488 676 minime
505 625 649 692 cogere.

430 715 532 781 Haec
545 717 656 798 igitur
672 716 819 798 aliaque
836 715 942 798 plura
973 715 1072 780 iacta
1105 713 1213 780 medii
1243 713 1327 778 aevi
1358 711 1467 776 nobis

341 821 451 905 objici
464 823 595 904 solent,
614 824 659 888 de
676 823 804 905 quibus
818 829 956 888 rectam
974 824 1152 887 rationem
1171 820 1325 886 reddere
1339 817 1466 900 nequi·

342 947 433 1011 mus,
452 931 626 994 invocata
642 935 782 994 tautum
795 947 966 1012 suprema
997 929 1319 1010 auctoritateque
1354 927 1466 990 etiam

341 1035 519 1100 indirecte
532 1037 568 1100 in
582 1053 639 1100 res
657 1035 879 1118 temporales
907 1035 1068 1118 gaudent
1096 1035 1196 1101 Petri
1224 1033 1464 1100 Successores

341 1141 388 1205 ob
405 1141 599 1225 primatum
617 1143 705 1224 ipsis
723 1142 848 1206 divina
875 1143 1102 1207 institutione
1132 1142 1319 1216 collatum;
1355 1156 1461 1222 quae·

342 1247 457 1312 reuda
474 1247 598 1330 itaque
610 1253 666 1312 est
679 1249 751 1312 alia
768 1248 967 1330 explicatio
987 1247 1097 1312 obvia
1116 1253 1153 1312 et
1168 1247 1284 1328 magis
1316 1251 1462 1326 catego-

342 1353 432 1435 rica,
447 1371 541 1436 qnae
559 1355 722 1436 prolecto
740 1355 847 1436 plene
867 1362 976 1437 atque
993 1353 1197 1437 adaequate
1215 1353 1405 1418 invenitur
1430 1352 1463 1414 iu

342 1465 522 1541 potestate
537 1461 765 1542 etlaarclticq
781 1479 852 1543 qua
866 1468 987 1525 aetate
1002 1461 1122 1526 media
1136 1459 1288 1524 Romani
1315 1458 1459 1522 Pontifi-

340 1565 533 1630 cesluncti
556 1567 814 1649 casapupulis
844 1567 1132 1632 acclamantibus
1162 1571 1199 1630 et
1231 1565 1460 1648 Principibus

341 1671 663 1736 consentientibus.

430 1774 635 1858 Eapropter
652 1778 766 1841 nostri
780 1777 937 1842 muneris
952 1795 1032 1842 esse
1046 1778 1208 1843 ducimus
1225 1794 1291 1860 pro
1322 1775 1459 1840 coroni-

340 1879 387 1944 de
401 1880 506 1962 huJ‘us
522 1881 710 1947 Secundae
723 1883 843 1948 Partis
872 1883 1010 1966 aliquid
1041 1882 1204 1948 delibare
1231 1884 1268 1947 in
1295 1881 1460 1966 sequenti

340 1991 378 2051 et
404 1993 588 2070 postremo
616 1991 771 2054 articulo
806 1990 850 2055 do
878 1991 1095 2056 Etlnorcltia
1126 1990 1339 2072 Christiana,
1370 2005 1458 2073 quae

341 2093 439 2175 apud
457 2096 609 2178 populos
623 2103 659 2160 et
675 2103 802 2177 gentes
817 2096 924 2160 medii
941 2098 1025 2162 aevi
1040 2097 1168 2179 viguit.

717 2427 979 2494 ARTIOULUS
1004 2429 1083 2494 VII.

779 2623 1025 2692 Suuuaaruu.

343 2809 402 2860 leo.
415 2805 431 2860 J
435 2823 468 2860 us
480 2808 624 2862 Ecclesiae
633 2807 883 2876 Romanorumque
892 2809 1063 2864 Pontificum
1077 2811 1107 2864 in
1123 2811 1224 2864 ordine
1242 2807 1454 2866 intemattoaoli.

415 2881 507 2930 -186,
523 2879 648 2932 Societas
661 2879 952 2936 ethuarchica.—l8'l.
964 2885 1017 2948 An,
1031 2885 1055 2935 si
1068 2883 1183 2948 quando
1193 2881 1400 2948 assumeretur,
1417 2895 1456 2932 ae·

413 2950 506 3016 qualis
520 2952 564 3002 vel
577 2953 735 3017 inaequalis
745 2955 928 3006 esset-188.
943 2953 1118 3006 Ethnarchla
1131 2954 1290 3006 christiana
1311 2971 1361 3008 sen
1387 2950 1454 3006 carl

412 3019 542 3073 attonitus
555 3022 666 3074 medies
691 3025 901 3074 acutia-lto.
917 3023 1049 3078 Potestas
1062 3024 1247 3077 ethnarchica
1262 3027 1370 3078 Summi
1393 3025 1455 3078 Pou-

412 3091 604 3146 tiocia-loo.
618 3092 747 3154 Quonam
762 3093 845 3146 titulo
865 3109 928 3146 eam
941 3095 1122 3148 exercuerint
1143 3094 1221 3148 Petri
1235 3095 1452 3150 Successorcs.-

415 3165 474 3214 191.
512 3163 596 3216 Ratio
619 3163 844 3216 fundamentalis
867 3166 939 3232 juris
964 3167 1194 3220 internetionalis
1219 3167 1453 3234 pontificii-192.

412 3233 558 3286 Utilitates
582 3249 633 3302 pro
654 3235 778 3288 statibus
797 3236 1051 3289 catholicis-198.
1066 3235 1219 3291 Paulatina
1240 3239 1452 3303 deiectioatque

412 3305 537 3357 exitialis
547 3303 699 3358 dissolutio
711 3303 938 3360 Christianitatis.

432 3482 507 3545 185.
555 3481 624 3548 Pro
656 3482 726 3546 hac
743 3484 786 3548 de
804 3489 987 3565 potestate
1020 3485 1194 3552 indirecto
1212 3487 1452 3572 disquisitione

340 3585 567 3650 absolvenda
586 3595 872 3654 consentaneum
890 3591 994 3656 nobis
1012 3591 1157 3656 videtur
1173 3595 1340 3660 nonnihil
1357 3592 1452 3658 attin·

341 3707 428 3773 gere
445 3693 543 3756 cirea
573 3699 795 3774 postremum
814 3697 887 3776 ius,
906 3697 1096 3762 Ecclesiae
1111 3699 1149 3762 in
1164 3699 1296 3766 ordine
1313 3704 1452 3767 iarum·

341 3799 465 3864 ttoooli
494 3785 716 3882 competens,
736 3819 806 3882 quo
824 3803 991 3884 equidem
1009 3803 1162 3870 Romani
1179 3805 1375 3873 Pontifices
1391 3817 1451 3868 me·

340 3902 398 3966 dio
417 3921 510 3966 aevo
529 3905 566 3968 in
594 3905 809 3988 populorum
842 3908 975 3972 bonum
992 3909 1205 3976 salutariter
1234 3917 1274 3976 et
1304 3912 1452 3994 proficuo

341 4009 396 4072 usi
408 4013 504 4090 sunt,
517 4017 625 4091 prout
640 4012 808 4076 ferebant
824 4013 921 4078 illius
939 4016 1073 4080 aetatis
1089 4033 1211 4082 mores
1223 4027 1262 4082 et
1272 4019 1333 4100 jus
1349 4013 1451 4101 publi·

341 4129 422 4176 oum
440 4119 526 4178 tunc
540 4118 713 4198 temporis
725 4119 866 4200 vigens;
886 4120 1078 4186 dicendum
1094 4123 1207 4204 igitur
1221 4130 1279 4190 est
1291 4125 1337 4190 de
1352 4119 1451 4189 facul

341 4219 418 4280 tate
447 4219 664 4288 etlnarclica
683 4223 909 4292 Summarum
942 4227 1170 4310 Pontificum,
1199 4230 1267 4296 sub
1300 4249 1371 4314 qua
1399 4227 1451 4292 do·
