3096 4986
570 371 730 430 ..35-

101 515 218 580 saltem
234 533 349 598 usque
365 515 448 580 dum
467 513 602 579 viderit
619 514 779 578 tribunal
803 514 1091 578 ecclesiasticum
1108 531 1213 597 supe·

103 623 178 702 rius,
196 623 225 685 si
242 621 289 685 ad
305 621 396 686 illud
422 625 601 703 provocet
622 620 785 684 tribunal
810 620 1097 684 ecclesiasticum
1123 621 1212 684 iufe-

102 729 177 808 rius;
192 729 241 792 ita
260 747 306 792 ex
319 727 482 791 Historia
498 727 763 792 Ecclesiastica
776 727 908 790 scimus
923 725 958 791 S.
972 725 1213 791 Athanasium

23 913 25 922 Ι
101 833 141 896 ab
163 834 297 897 arianis
333 834 514 916 episcopis
544 833 754 898 damnatum
783 833 829 898 ad
857 835 1120 917 Imperatorem
1151 853 1212 917 ap-

23 923 25 928 *
103 939 237 1019 pellase,
258 947 297 1004 ut
316 958 338 1003 a
355 940 537 1004 saeculari
567 941 718 1004 brachio
747 957 819 1002 non
845 940 1108 1022 adimpleretur
1134 957 1213 1003 866-

103 1049 203 1110 tentia
220 1047 357 1126 inJusta
372 1047 485 1128 exilii,
504 1047 665 1128 itemque
678 1046 713 1110 S.
726 1046 748 1110 J
752 1063 905 1110 oannem
919 1045 1214 1128 chrysostomum
1245 1107 1247 1112 ,

102 1153 325 1234 aTheopbilo
343 1153 559 1217 Patriarcha
577 1153 826 1218 Alexandrino
846 1154 978 1235 injuste
1003 1156 1111 1217 etiam
1131 1171 1214 1218 con-

103 1259 300 1323 demnatum
319 1258 367 1322 ad
384 1260 598 1322 orientalem
614 1259 877 1340 Imperatorem
906 1277 1142 1341 provocasse,
1165 1275 1215 1322 ne

105 1365 219 1428 aSede
232 1384 301 1430 sua
318 1363 725 1447 Constantinopolitano
758 1365 1017 1446 expelleretur:
1045 1365 1096 1428 3.⁰
1110 1367 1140 1429 si
1169 1367 1216 1430 ad

104 1469 235 1535 civilem
255 1475 480 1553 potestatem
508 1478 721 1535 recurratur
755 1470 802 1534 ad
826 1471 1127 1552 interponendam
1155 1473 1215 1534 vel

106 1577 385 1659 prosequendam
418 1581 503 1640 ante
533 1577 700 1641 'tribunal
734 1577 1020 1640 ecclesiasticum
1050 1578 1216 1659 superius

105 1684 392 1764 appellationem,
413 1700 506 1765 quae
525 1683 683 1762 ajudice
702 1681 878 1762 inferiori,
894 1683 932 1745 vi
962 1683 1125 1747 adhibita
1156 1685 1217 1748 vel

106 1787 240 1853 brachio
265 1790 450 1854 saeculari
476 1790 661 1868 invocato,
693 1789 933 1852 materialiter
966 1790 1214 1871 praepeditum
1289 1853 1292 1863 ,

106 1894 267 1976 siquidem
285 1895 356 1960 hoc
372 1896 409 1959 in
424 1895 649 1964 casucivilis
674 1895 874 1958 auctoritas
908 1913 1011 1958 suum
1042 1897 1217 1960 auxilium

108 2003 246 2079 praebet
261 2002 308 2065 ad
322 2002 521 2083 urgendam
540 2019 726 2066 sacrorum
746 2019 924 2065 canonum
944 2003 1217 2066 observantiam

106 2114 220 2170 contra
236 2109 399 2191 iniquam
420 2108 552 2189 agendi
567 2109 747 2171 rationem
759 2107 891 2189 Judicis
909 2109 1149 2172 ecclesiastici
1166 2111 1216 2173 iu-

109 2212 249 2278 ferioris.

184 2319 247 2384 His
265 2320 505 2402 praehabitis,
527 2319 572 2384 ad
591 2321 722 2384 thesim
750 2321 910 2384 insensu
929 2321 1093 2402 exposito
1124 2337 1218 2385 com-

109 2425 321 2502 probandam
335 2425 583 2490 deveniamus.
613 2427 823 2508 Appellatio
842 2429 884 2490 ab
903 2429 1062 2491 6166661
1091 2429 1218 2511 impro-

105 2531 173 2611 prie
205 2531 315 2612 dicta,
343 2531 395 2595 uti
426 2549 538 2614 supra
569 2532 905 2613 animadvertimus,
939 2539 1093 2596 vocatur
1127 2551 1220 2615 quae

110 2637 236 2704 litante
250 2639 411 2722 judicem
428 2641 562 2704 laicum
577 2660 599 2704 a
614 2643 797 2704 sententia
812 2643 943 2727 injusto
954 2639 1088 2722 judicis
1104 2639 1219 2704 eccle-

109 2743 245 2826 siastici,
264 2747 325 2810 vel
339 2747 623 2829 quiareputatur
640 2748 889 2828 incompetens
910 2747 956 2810 ad
970 2747 1218 2828 judicandum,

23 2875 24 2880 ¹
111 2851 432 2934 velquiasormam
458 2853 653 2934 juridicam
670 2853 707 2916 in
730 2852 866 2933 jndicio
900 2854 1126 2934 contempsit,
1161 2853 1222 2915 vel

111 2957 183 3036 quia
199 2959 317 3040 legem
336 2960 549 3022 canonicam
567 2959 604 3022 in
621 2958 773 3022 ferenda
791 2960 972 3022 sententia
991 2964 1117 3040 aperte
1146 2959 1221 3023 vio-

111 3060 201 3145 lavit;
216 3066 295 3145 Jam
313 3082 400 3130 vero
427 3083 654 3147 quocumque
673 3083 719 3128 ex
747 3065 847 3130 fonte
877 3067 1015 3130 oriatur
1047 3068 1221 3150 injustitia

109 3175 313 3250 sententiae,
333 3172 511 3255 perfacile
530 3173 711 3237 evincitur
730 3173 1003 3254 magistratibus
1026 3171 1222 3234 saeculari-

111 3273 167 3340 bus
182 3280 327 3343 minime
343 3283 551 3362 competere
565 3279 624 3360 jus
644 3280 832 3360 praefatas
850 3279 1116 3360 appellationes
1132 3277 1223 3340 reci·

112 3382 233 3461 piendi.

190 3489 236 3554 1.⁰
283 3488 320 3556 Si
337 3490 518 3572 inJustitia
550 3491 755 3555 sententiae
784 3507 829 3553 ex
854 3491 1118 3572 incompetentia
1143 3507 1223 3572 pro·

113 3597 236 3678 veniat,
250 3599 312 3662 vel
329 3598 451 3679 agitur
466 3597 511 3661 de
527 3597 727 3679 Judicanda
743 3596 988 3677 competentia
1019 3597 1115 3661 inter
1148 3597 1224 3662 Sta-

23 3751 24 3768 ]
112 3703 178 3764 166
195 3709 230 3766 61
246 3703 461 3785 Ecclesiam,
478 3703 546 3767 hoc
561 3709 628 3784 est,
649 3703 743 3766 inter
758 3701 847 3765 duas
861 3719 1050 3783 supremas
1068 3709 1226 3785 potesta·

114 3809 243 3873 tesval
270 3809 314 3874 de
340 3809 585 3892 competentia
610 3809 743 3890 judicis
778 3807 1018 3872 ecclesiastici
1043 3808 1226 3871 inferioris

114 3909 307 3980 definienda
319 3916 427 3997 juxta
443 3917 542 3997 ipsas
573 3915 674 3997 leges
707 3913 907 3978 Ecclesiae:
927 3914 964 3977 in
992 3914 1107 3995 primo
1139 3931 1227 3977 casu

114 4017 233 4100 cuique
251 4025 366 4103 patet,
398 4021 484 4085 licet
509 4021 608 4085 aliud
637 4021 784 4085 effutire
802 4019 960 4084 audeant
994 4017 1176 4082 Gallicani
1193 4023 1229 4082 et

23 4141 24 4156 ¹
114 4120 324 4208 Regalistae,
351 4127 527 4208 jndicium
557 4125 824 4207 competentiae
839 4125 885 4188 ad
899 4125 1000 4188 illam
1033 4125 1227 4189 auctorita-

23 4267 24 4272 κ
116 4231 274 4299 temesae
291 4233 539 4314 deferendum,
561 4249 655 4315 quae
671 4233 802 4312 maj0r,
821 4231 977 4295 nobilior
995 4235 1105 4312 atque
1124 4247 1230 4314 prae·
