3058 4994
604 334 793 404 --481-4

122 515 203 562 cum
230 499 393 564 omnibus
422 497 641 582 nationibus,
661 499 722 564 vel
739 498 882 583 quidem
900 499 1135 582 certantibus,
1167 515 1240 563 ser·

120 611 286 687 rantes
314 625 382 690 quo
401 609 687 670 recteeruuntur
716 605 785 670 duo
813 605 1041 672 consectaria
1069 605 1239 687 juridico·

119 713 422 778 internetionalia
445 729 511 794 per
536 711 821 778 declarationem
846 713 884 778 in
912 710 1115 795 Congressu
1142 712 1240 776 Pari·

80 895 88 918 ι
121 819 234 884 siensi
259 819 345 884 1756
369 818 502 883 editam
527 835 700 902 expresse
726 836 770 884 ac
799 818 1009 884 solemniter
1037 818 1191 883 sancita:
1212 816 1240 898 ⁸)

120 943 281 992 mercem
306 926 488 990 inimicam
511 925 577 990 sub
597 925 734 990 vexillo
766 926 892 992 navali
915 924 1037 990 Status
1065 924 1241 989 neutralis

121 1049 204 1096 esse
236 1031 438 1114 colendam,
458 1031 554 1114 quod
577 1040 702 1096 nostra
733 1029 934 1098 vernacula
963 1030 1089 1113 lingua
1106 1030 1242 1112 duplici

121 1137 299 1222 graphica
316 1139 474 1204 formula
486 1138 642 1222 exprimi
661 1139 899 1204 solet-Noua
915 1138 1014 1221 libre,
1034 1158 1137 1224 corpo
1154 1138 1242 1202 libre

121 1247 199 1310 -el
209 1247 373 1330 pabelloo
401 1248 501 1310 cebro
518 1247 554 1311 lo
571 1250 823 1328 oterooaclo-;
840 1242 866 1326 b)
886 1263 975 1310 onus
991 1245 1157 1310 neutrale
1175 1243 1240 1308 sub

121 1351 246 1416 hostili
265 1354 368 1436 signo
384 1354 564 1434 obJectum
581 1359 757 1436 capturae
770 1370 850 1418 esse
863 1371 934 1416 non
949 1369 1068 1435 posse:
1083 1351 1167 1416 hinc
1180 1350 1240 1415 ho·
1328 1341 1330 1351 ⁴

121 1457 265 1524 dicdum
284 1459 394 1524 etiam
411 1477 458 1524 ex
482 1461 664 1524 sententia
681 1477 804 1526 eorum
830 1459 891 1542 qui
912 1459 1242 1542 apprehensionem

121 1567 362 1650 proprietatis
380 1568 549 1650 privatae
557 1569 594 1631 in
605 1567 709 1632 bellis
719 1567 914 1632 navalibus
928 1565 1241 1650 propugnant,jus

121 1679 298 1755 capturae
312 1675 595 1758 applicationem
611 1674 721 1740 valde
733 1675 941 1740 restrictam
953 1674 1076 1756 habet;
1093 1673 1239 1756 etenim,

121 1786 278 1863 excepto
293 1781 427 1864 triplici
439 1798 526 1845 casu
540 1781 646 1846 modo
656 1782 871 1865 exponendo
882 1780 1111 1846 infractionis
1121 1779 1240 1863 quoad

120 1887 403 1970 prohibitionem
420 1889 605 1970 mercium,
631 1889 840 1954 violationis
871 1889 991 1973 quoad
1018 1887 1242 1953 obsidionem

121 2002 232 2077 atque
250 1995 500 2077 denegationis
519 1995 638 2078 quoad
656 1997 933 2080 inspectionem,
952 1996 1143 2060 dumtaxat
1160 1993 1243 2077 capi

120 2107 243 2185 potest
260 2103 465 2187 proprietas
482 2104 629 2169 inimica
660 2106 726 2169 sub
759 2105 899 2186 vexillo
929 2104 1054 2168 navali
1086 2103 1242 2168 hostium

122 2209 244 2275 ducta.

213 2319 287 2384 149.
338 2319 561 2385 Postremum
578 2321 636 2400 Jus
650 2321 844 2386 commercii
862 2337 905 2384 ac
922 2321 1154 2406 occipotionis
1167 2319 1242 2384 Sta·

122 2427 217 2492 tibus
234 2427 460 2492 neutralibus
477 2433 686 2511 competens
703 2429 781 2510 ipso
799 2427 897 2492 facto
916 2427 1002 2492 belli
1028 2427 1242 2510 quibusdam

121 2534 411 2600 restrictionibus
425 2539 645 2624 coarctatum
662 2536 829 2600 nationes
847 2537 940 2600 enim
956 2535 1160 2618 praefatum
1183 2536 1242 2618 jus

120 2660 195 2706 non
212 2642 338 2707 eadem
352 2643 521 2708 libertate
538 2659 712 2708 exercere
729 2649 880 2726 possunt
897 2647 1062 2725 tempore
1080 2643 1179 2726 belli,
1199 2659 1243 2707 ac

121 2753 285 2833 tempore
299 2751 412 2832 pacis:
428 2750 512 2817 hinc
528 2769 601 2816 non
617 2754 728 2816 vacat
754 2749 890 2832 aliquid
906 2749 1090 2814 levissime
1105 2751 1242 2832 pertin·

121 2875 209 2940 gere
222 2857 266 2922 de
284 2859 417 2941 triplici
432 2859 698 2924 modificatione
712 2859 782 2939 cui,
803 2857 898 2922 bello
917 2865 1058 2940 exorto,
1078 2857 1244 2939 subjacet

121 2971 197 3030 tum
211 2969 465 3032 commercium
479 2967 709 3048 neutralium,
724 2971 798 3030 tum
813 2981 937 3030 eorum
951 2965 1153 3048 navigatio,
1170 2971 1244 3028 tum

122 3077 313 3156 utrumque
330 3074 448 3157 simul,
468 3074 722 3140 commercium
739 3089 870 3154 nempe
888 3089 932 3136 ac
962 3071 1166 3154 navigatio,
1198 3087 1244 3136 ex

123 3197 193 3262 quo
208 3180 407 3263 exsurgunt
425 3186 499 3246 tres
517 3181 751 3246 limitationes
765 3179 927 3244 libertati
944 3177 1191 3244 commerciali
1208 3183 1244 3242 et

122 3287 248 3354 navali
264 3286 428 3354 Statuum
456 3288 653 3354 amicitiam
670 3293 706 3352 et
723 3305 851 3370 pacem
886 3287 1163 3352 custodientium
1182 3303 1243 3368 ap·

122 3395 277 3476 positae.

210 3503 389 3568 Limitotio
403 3503 610 3568 commercii.
627 3501 670 3567 In
701 3501 827 3584 primis
861 3501 956 3566 enim
988 3501 1244 3566 commercium

122 3611 339 3676 neutralium
354 3611 644 3696 praescriptione
657 3611 889 3692 restringitur
906 3629 977 3674 non
1006 3609 1244 3676 transvehen-

123 3717 157 3780 di
170 3735 309 3782 merces
327 3718 478 3782 bellicas
507 3717 709 3800 prohibitas
740 3717 1004 3800 (contrahendo
1022 3717 1066 3781 de
1083 3719 1242 3799 guerra);

123 3827 218 3907 quod
235 3828 266 3890 si
283 3833 480 3909 quaeratur
495 3843 675 3908 quaenam
688 3826 761 3889 sint
772 3826 1007 3890 mercimonia
1021 3843 1172 3908 quorum
1185 3842 1244 3890 ne·

123 3935 273 4014 gotiatio
300 3934 366 3998 sub
394 3941 564 4016 respectu
580 3933 753 3997 bellicoso
787 3933 848 3998 vel
873 3939 1023 4016 propter
1052 3933 1243 3997 connexio·

124 4059 204 4108 nem
219 4061 298 4108 cum
317 4043 466 4124 praeliis
484 4033 643 4106 Statibus
672 4041 897 4106 neutralibus
929 4046 1088 4124 ¹vetatur,
1121 4058 1245 4123 super-

125 4167 325 4216 vacaneum
343 4151 447 4216 nobis
465 4150 609 4216 videtur
626 4156 767 4232 tempus
796 4153 916 4214 terere
946 4149 984 4216 in
1012 4155 1066 4214 tot
1099 4155 1245 4233 tamque

126 4258 277 4328 diversis
310 4277 430 4326 rerum
458 4259 648 4342 speciebus
678 4257 974 4342 determinandis,
993 4277 1073 4324 cum
1102 4260 1246 4342 ipsimet

1104 4369 1137 4420 ar
