3096 4986
783 365 937 424 ..10-

300 511 547 575 essentialiter
570 508 763 574 inhaerent
779 508 951 592 potestat-i
980 507 1233 592 independenta',
1259 509 1425 592 directae,

295 615 423 701 plenae
452 624 562 698 atque
594 616 785 680 indirectas
816 614 991 696 eJusmodi
1023 617 1180 697 quatuor
1212 615 1425 696 privativae

298 725 408 786 notae
425 739 488 785 seu
508 721 741 785 characteres
758 721 896 803 proprii
921 729 958 784 et
970 719 1175 802 peculiares
1192 719 1424 785 Ecclesiasti-

299 843 366 892 cae
383 827 580 891 Potestatis
595 825 759 907 legitime
777 843 821 890 ao
838 827 1045 891 necessario
1061 827 1227 890 oriuntur
1255 844 1302 891 ex
1330 835 1428 892 stata

292 933 464 1018 juridico,
477 933 742 1018 specificatione,
768 933 1007 998 constitutione
1023 933 1161 998 interna
1179 941 1288 1014 atque
1301 932 1427 998 ordine

300 1040 488 1103 societatis
505 1038 701 1119 religiosae
718 1055 740 1100 a
757 1035 899 1102 Christo
918 1037 1071 1102 Domino
1090 1037 1273 1119 conditae,
1293 1040 1344 1104 uti
1361 1057 1427 1104 nu·

300 1164 367 1230 per
385 1145 611 1209 declaratum
629 1151 697 1224 eat,
731 1161 812 1208 cum
845 1143 1007 1209 ordinem
1036 1146 1267 1210 tractationis
1299 1147 1337 1210 in
1355 1145 1428 1210 hae

301 1251 469 1318 Secunda
486 1251 594 1314 Parte
611 1250 834 1332 sequendum
851 1249 983 1315 leviter
999 1250 1309 1316 adumbravimus.

390 1359 423 1422 2.
474 1357 639 1422 Potestas
667 1358 900 1441 independens
927 1355 1115 1422 Ecclesiae
1144 1365 1245 1424 recte
1277 1359 1425 1424 dicitur:

304 1463 652 1552 Compleausjnriam
666 1485 764 1548 qaae,
782 1465 917 1530 ratione
935 1463 1072 1528 “status
1085 1464 1254 1552 Juridiei„
1273 1486 1317 1530 en·
1342 1465 1428 1530 “ua-

302 1577 404 1654 tura,
420 1573 502 1658 finis
521 1571 700 1651 “proprii„
716 1569 911 1652 pendentis,
935 1567 1113 1633 Ecclesiae
1129 1578 1322 1654 competant
1339 1577 1427 1635 tanr-

302 1695 403 1759 qnum
421 1676 577 1740 societati
591 1677 766 1760 perfectae
781 1681 883 1758 utque
894 1693 1088 1757 supremae.

392 1781 425 1843 3.
474 1779 641 1844 Ecclesia
654 1781 690 1843 vi
710 1781 899 1861 potestatis
912 1779 1185 1863 independentis,
1204 1797 1300 1863 quae
1316 1779 1428 1844 ratio·

302 1903 348 1950 ue
368 1885 449 1950 linis
463 1887 602 1970 proprii
619 1886 688 1967 ipsi
704 1884 911 1966 respondet,
930 1895 1087 1967 quatuor
1114 1887 1311 1968 potissimis
1336 1885 1428 1968 juri·

305 1991 372 2057 bus
389 1995 525 2074 gaudet
552 1993 750 2056 novissime
772 1996 894 2056 aetate
920 1992 997 2056 iere
1024 1991 1158 2073 ignotis
1186 1993 1248 2056 vel
1275 2007 1428 2074 prorsus

302 2100 517 2180 vulneratis,
536 2100 688 2163 scilicet:
706 2097 851 2180 1.⁰jure
868 2098 983 2162 libere
1010 2097 1155 2178 agendi,
1177 2115 1257 2162 cum
1271 2099 1346 2162 suis
1365 2097 1427 2162 ad·

303 2208 450 2271 sociatis
466 2207 580 2270 libere
598 2204 899 2284 communicandi,
918 2219 1074 2286 suasque
1098 2203 1246 2268 decreta
1263 2204 1325 2268 vel
1342 2221 1427 2268 con·

305 2314 513 2377 stitutioues
528 2313 641 2375 libere
655 2309 908 2392 promulgandi
922 2310 1060 2392 absque
1073 2309 1148 2374 ulla
1159 2310 1351 2375 sanctione
1364 2313 1429 2374 aut
1448 2375 1453 2386 ,

304 2419 575 2502 approbatione
599 2417 691 2500 legia
718 2417 850 2498 civilis;
883 2413 935 2480 2?
961 2416 1044 2497 jure
1073 2415 1283 2480 nominandi
1316 2424 1428 2499 atque

303 2526 514 2590 instituendi
533 2525 700 2607 proprios
719 2523 966 2605 magistratus,
993 2522 1231 2605 dignatarios,
1249 2523 1428 2588 oiiiciales

303 2649 348 2695 ae
361 2633 544 2695 ministros
563 2632 640 2694 sine
657 2629 792 2720 Regum
811 2629 872 2693 vel
903 2629 1112 2710 Principum
1139 2630 1425 2710 interventione;

303 2736 355 2800 3.⁰
370 2739 453 2819 jure
478 2737 722 2800 voluntariam
752 2735 812 2800 vel
845 2736 1107 2799 contentiosam
1136 2735 1429 2816 Jurisdictionem

304 2842 513 2913 exercendi.
535 2843 620 2924 quin
647 2840 809 2920 ejusdem
835 2840 1067 2922 gubernativi
1085 2849 1187 2906 actus
1204 2841 1264 2906 vel
1278 2849 1428 2906 senteu-

237 2991 239 2996 ·
304 2949 378 3014 tiae
393 2949 588 3030 judiciales
605 2965 670 3028 per
687 2949 942 3012 auctoritatem
956 2947 1102 3012 civilem
1119 2947 1332 3029 veljudices
1349 2965 1428 3012 sae·

305 3055 448 3120 culares
475 3057 716 3136 corrigantur,
751 3063 976 3135 reponantur
1008 3060 1071 3118 aut
1097 3054 1355 3137 reformantem
1374 3053 1428 3119 4.⁰

301 3163 385 3243 jure
402 3161 559 3225 habendi
576 3178 620 3223 ac
637 3159 850 3224 declarandi
864 3160 1048 3242 immunia,
1064 3165 1250 3242 tamquam
1267 3177 1376 3225 sacra
1392 3163 1431 3226 et

304 3268 490 3349 religiosa,
507 3285 573 3330 sua
590 3267 685 3346 loca,
706 3283 764 3329 res
778 3283 822 3330 ac
836 3283 1024 3356 personas.

393 3372 426 3436 4.
476 3371 663 3436 Adversus
694 3369 787 3434 haec
810 3371 1057 3436 sacratissima
1077 3372 1175 3452 jure,
1194 3389 1288 3454 quae
1304 3369 1430 3438 Eccle-

304 3478 382 3542 siae
399 3480 534 3558 iusunt,
556 3478 670 3542 veluti
687 3476 854 3540 societati
872 3477 1060 3558 perlectae
1088 3483 1199 3559 atque
1227 3477 1428 3560 inaequali,

304 3588 488 3666 potestate
505 3601 677 3665 suprema
695 3588 732 3646 et
759 3581 1015 3664 independenti
1040 3581 1196 3663 juridica
1212 3583 1428 3667 instructae,

304 3691 500 3756 recentiori
515 3697 679 3772 tempore
694 3690 828 3771 patrati
841 3698 925 3753 sunt
939 3699 1096 3772 quatuor
1109 3690 1232 3772 magni
1247 3697 1285 3754 et
1300 3689 1429 3754 exitia·

304 3799 358 3862 les
375 3798 519 3878 abusus,
538 3813 627 3878 quos
647 3798 731 3859 totis
749 3795 888 3860 viribus
905 3791 1138 3876 denunciare,
1169 3812 1346 3860 execrare
1377 3799 1429 3860 at·

305 3921 375 3987 que
392 3903 578 3984 corrigere
595 3902 771 3982 cogimur,
790 3917 936 3964 causam
954 3899 1140 3964 Ecclesiae
1158 3899 1371 3966 Catholicae
1382 3901 1430 3966 ab

304 4011 384 4092 ipso
417 4009 524 4090 hujus
552 4005 741 4071 Secundae
767 4005 886 4070 Partis
918 4006 1067 4070 exordio
1100 4007 1231 4070 iterum
1262 4016 1428 4090 agentes,

306 4116 459 4197 ejusque
473 4114 705 4180 essentialem
718 4113 923 4176 libertatem
937 4113 975 4176 in
987 4111 1055 4176 hoc
1064 4111 1180 4194 primo
1197 4113 1319 4195 capite
1333 4114 1429 4180 ultro

304 4239 350 4288 ac
365 4231 513 4287 strenue
529 4219 771 4287 vindicantes.
