3062 4994
772 391 954 450 -190-

389 553 441 618 39
488 553 600 619 Adest
628 553 737 618 etiam
770 553 844 618 elia
875 554 982 633 ratio,
1015 557 1055 616 ut
1085 552 1252 618 Ecclesia
1287 569 1431 634 parvas

299 660 501 724 oblationes
519 659 579 724 vel
596 659 752 724 minutas
765 665 871 722 taxes
885 677 907 722 a
921 659 1028 741 plebe
1047 658 1248 724 christiana
1266 659 1431 740 postula·

299 783 338 832 re
357 771 419 830 aut
432 771 601 849 repetere
629 766 766 846 valeat,
798 763 985 846 videlicet,
1012 766 1163 850 speciale
1179 765 1433 846 ministeriam

299 879 447 955 praeter
464 873 558 936 enim
573 889 797 937 communem
828 872 1004 936 bonorum
1022 873 1266 955 spiritualium
1283 871 1433 952 dispen-

299 981 478 1044 sationem
510 979 680 1044 universo
714 979 833 1043 coetui
861 979 1020 1042 fidelium
1039 978 1224 1058 collatam,
1260 977 1433 1041 Ecclesia

299 1085 735 1169 quibusdemcbristianis
767 1073 954 1166 peculiare
989 1084 1228 1150 ministerium
1247 1089 1430 1165 praestat,

301 1191 393 1256 utin
418 1192 610 1274 baptismo,
631 1191 915 1272 confirmatione,
946 1189 1192 1272 matrimonio,
1222 1191 1431 1272 sepultura,

300 1304 338 1362 et
351 1297 624 1380 quamplurimis
637 1297 974 1377 sacramentalibus,
985 1315 1079 1379 quae
1095 1298 1132 1360 in
1145 1297 1339 1360 utilitatem
1354 1298 1433 1378 pri-

301 1409 469 1468 vatorum
496 1405 654 1468 conferri
672 1411 835 1486 possunt;
851 1404 928 1485 jam
948 1421 1051 1486 vero,
1070 1402 1375 1486 quemadmodum
1392 1403 1435 1466 in

300 1511 476 1576 societate
494 1511 594 1574 civili
611 1518 757 1591 praeter
774 1509 909 1574 tributa
923 1509 1114 1592 generalia
1133 1514 1169 1574 et
1185 1509 1335 1590 directa,
1350 1509 1433 1592 qui-

301 1619 367 1682 bus
384 1619 628 1699 unusquisque
643 1617 762 1680 socius
790 1616 836 1680 ed
865 1633 1046 1698 expensas
1065 1615 1220 1680 sociales
1253 1615 1434 1680 ferendas

302 1725 486 1789 concurrit
504 1741 569 1804 pro
586 1723 659 1786 suis
677 1723 926 1801 facultatibus,
960 1721 1092 1787 adsunt
1127 1723 1275 1804 iusuper
1293 1723 1434 1786 contri-

302 1832 468 1897 butiones
483 1821 662 1912 'speciales
679 1847 745 1911 pro
774 1829 915 1894 actibus
940 1829 1202 1910 determinatis,
1222 1847 1316 1912 quae
1334 1829 1434 1894 indi-

302 1941 426 2002 rectae
458 1935 639 2020 appellari
670 1937 800 2016 solent;
835 1935 974 2018 pariter
1006 1953 1149 2018 quoque
1180 1935 1218 2000 in
1249 1936 1434 2000 societate

302 2041 554 2109 ecclesiastica
581 2042 761 2126 speciales
779 2049 888 2106 taxes
914 2042 1050 2124 imponi
1066 2047 1214 2124 queunt,
1233 2041 1326 2110 sicut
1343 2057 1436 2104 con-

302 2147 492 2214 suetudine
517 2149 553 2212 in
581 2149 744 2231 pluribus
774 2149 918 2212 casibus
936 2147 1120 2213 inductum
1151 2153 1218 2228 est,
1245 2145 1432 2228 siquidem

303 2255 479 2337 aequitati
496 2261 780 2318 consentaneum
811 2253 956 2318 videtur
982 2253 1179 2336 specialius
1204 2269 1433 2318 concurrere

303 2361 350 2425 ad
362 2361 545 2424 Ministros
562 2359 748 2441 religionis
766 2359 928 2439 alendos,
945 2360 1006 2442 qul
1024 2360 1130 2424 modo
1148 2359 1364 2442 particulari
1392 2365 1435 2423 et

302 2465 340 2526 in
372 2462 557 2544 proprium
586 2461 811 2525 commodum
836 2462 997 2544 ipsorum
1025 2479 1139 2544 opera
1164 2469 1200 2526 et
1224 2461 1434 2526 ministerio
1522 2492 1523 2496 ¹

305 2575 463 2632 utuntur:
483 2567 567 2631 hinc
586 2567 742 2650 denique
770 2573 888 2632 ortum
905 2567 1041 2633 habent
1071 2569 1234 2634 subsidia
1250 2567 1437 2650 obligato·
1522 2619 1523 2626 ,

303 2675 358 2738 ria
373 2691 436 2738 seu
449 2675 716 2757 praestationes
729 2677 898 2758 speciales
913 2679 950 2739 et
963 2677 1167 2759 indirectas,
1183 2693 1277 2758 quae
1290 2675 1437 2758 passim

312 2947 492 2955 -.—

304 3123 375 3174 rnus,
388 3123 446 3160 non
464 3107 582 3175 decime,
595 3107 662 3174 quie
681 3107 822 3160 interdum
843 3109 934 3176 major
945 3113 997 3172 est,
1011 3109 1155 3162 interdum
1176 3111 1269 3162 nlinor
1285 3112 1370 3178 juxta
1384 3111 1428 3164 di·

304 3195 413 3233 versam
426 3181 551 3232 locorum
573 3179 819 3232 consuetudinem.
835 3179 1061 3232 Deaominsntur
1082 3185 1178 3234 autem
1202 3193 1268 3248 pars
1281 3183 1433 3236 lruciaum

303 3256 353 3304 aut
365 3252 443 3318 lucri,
457 3267 491 3303 eo
502 3251 578 3316 quod
592 3251 637 3303 vel
650 3265 687 3302 ex
700 3250 839 3302 fructibus
855 3251 1043 3317 praediorum,
1057 3253 1153 3304 velex
1167 3252 1244 3304 lucro
1267 3253 1434 3307 industriae

305 3325 512 3389 persolvuntur;
526 3321 592 3374 hinc
606 3321 757 3388 praecipue
769 3337 866 3374 earum
879 3321 983 3374 divisio
1005 3325 1035 3374 in
1051 3319 1210 3389 praedialcs
1221 3327 1251 3376 et
1259 3324 1435 3390 personales:

300 3393 457 3459 praedictas
475 3393 608 3446 dicuntur
620 3407 693 3459 quas
712 3393 901 3446 exstantibus
920 3397 950 3446 et
972 3393 1156 3462 proventibus
1179 3395 1361 3460 praediorum
1381 3398 1432 3449 dc·

306 3463 416 3522 llantur,
428 3465 489 3516 sive
508 3463 624 3530 praedia
643 3465 752 3514 urbane
769 3465 835 3523 sint,
850 3465 912 3517 siue
931 3465 1043 3528 rustica;
1053 3464 1212 3530 personales
1225 3472 1434 3532 nuncupentur

304 3549 377 3601 qnae
389 3550 426 3586 ex
437 3534 524 3586 rebus
537 3535 678 3587 industrie
693 3539 721 3586 et
733 3537 794 3586 erte
815 3535 994 3602 comparetis,
1008 3537 1098 3589 veluti
1120 3551 1157 3589 ex
1171 3537 1248 3588 lucro
1261 3537 1433 3602 negotiatio

304 3609 358 3672 nis,
371 3605 498 3667 militiae,
511 3606 672 3658 uenationis
684 3605 756 3658 solvi
770 3605 884 3669 debent,
898 3621 956 3659 non
978 3617 1072 3660 sutem
1086 3621 1123 3660 ex
1145 3605 1231 3660 rebus
1243 3607 1328 3660 titulo
1340 3608 1435 3662 luera·

304 3679 364 3728 tivo
388 3675 543 3740 acquisitis,
557 3679 598 3728 uti
621 3676 784 3739 donatione,
798 3679 986 3742 successione,
999 3679 1100 3746 legata
1114 3693 1181 3730 nam
1207 3679 1262 3730 iste
1276 3677 1352 3731 bone
1373 3695 1435 3734 non

304 3753 372 3799 sunt
384 3747 494 3798 fructas
516 3747 694 3812 praediorum
708 3748 752 3799 vel
766 3748 909 3800 humanae
927 3749 1094 3802 industriae.
1115 3749 1190 3801 Huic
1203 3748 1309 3816 duplici
1330 3754 1434 3816 generi

307 3820 442 3871 Doctores
454 3817 559 3870 addere
571 3818 667 3870 solent
679 3821 791 3870 tertiam
805 3820 985 3872 Decimerum
998 3823 1205 3888 speciemque:
1217 3819 1320 3874 mistae
1333 3824 1434 3889 appel-

306 3890 373 3956 lant,
386 3903 484 3940 eorum
508 3903 612 3954 nempe
625 3888 767 3941 fructuum
780 3891 828 3955 qui
842 3893 945 3957 partim
958 3891 1108 3958 industris,
1121 3891 1226 3959 partim
1239 3895 1343 3946 natura
1356 3909 1433 3947 com·

306 3963 449 4026 parantur,
462 3974 497 4026 pr
508 3963 547 4010 mt
559 3974 595 4010 ex
609 3973 742 4026 pecorum
753 3960 840 4027 foetu,
854 3963 926 4014 lacte
940 3965 968 4014 et
981 3963 1134 4016 similibus.

377 4033 415 4096 (⁸2)
451 4027 596 4082 Primitiae
608 4029 792 4084 nominentur
799 4031 887 4098 prisia
893 4031 1009 4100 fractas
1020 4049 1148 4102 aprorum
1162 4032 1341 4102 etpeeadam,
1355 4051 1434 4102 quse

307 4101 336 4151 in
349 4101 438 4152 veteri
450 4101 511 4164 lege
530 4117 567 4153 ex
589 4101 687 4154 divino
707 4107 858 4169 praecepto
879 4103 1067 4172 debebantur,
1080 4109 1109 4158 et
1123 4121 1244 4172 quarum
1267 4121 1338 4160 usas
1351 4107 1434 4176 apud

305 4172 413 4237 priscos
427 4169 605 4224 Christianos
625 4177 755 4238 receptus
776 4179 828 4240 est,
841 4173 947 4242 diuque
969 4175 1140 4242 perduravit
1154 4177 1260 4230 deinde
1283 4191 1352 4232 vero
1367 4195 1434 4232 con·

307 4241 401 4293 trariis
414 4241 541 4294 moribus
557 4243 691 4295 exolevit.
