3062 4994
784 305 962 364 -186-

312 469 453 532 eorum,
493 451 555 533 qui
587 451 684 516 intra
716 450 890 514 terminos
919 447 1100 513 ecclesiae
1138 447 1199 513 vol
1238 447 1441 529 paroeciae

305 557 454 641 degunt

399 663 505 730 Hanc
533 663 763 728 semtentiam
781 661 936 726 diximus
964 661 1124 741 veritati,
1154 658 1381 742 simplicitati
1397 661 1441 722 et
1520 641 1521 672 ³

304 771 523 855 prudentiae
556 787 636 834 essa
669 768 778 834 valde
818 785 1026 834 consonam:
1060 768 1213 847 veritati,
1252 766 1322 830 hoc
1361 770 1435 846 est,

309 879 484 944 clausulis
510 877 586 940 sere
617 875 1056 956 omniumfundationum;
1090 874 1224 938 etenim
1252 874 1288 937 in
1321 871 1437 935 dona·
1520 899 1521 954 3

310 985 469 1050 tionibus
503 981 753 1066 exspectanda
782 987 839 1047 est
864 999 965 1046 mens
989 981 1170 1060 donantie;
1196 979 1234 1042 in
1266 977 1438 1044 omnibus

315 1097 437 1156 autem
471 1088 727 1154 donationibus
755 1090 962 1170 praefertur
989 1087 1086 1152 bona
1102 1087 1166 1150 illa
1181 1086 1262 1150 dari
1287 1084 1366 1148 Deo
1397 1091 1438 1148 et
1520 1077 1521 1136 ἶ

313 1199 379 1262 tali
396 1199 585 1264 Ecclesiae
608 1198 669 1263 vel
687 1197 907 1262 Monasterio
936 1196 1148 1260 nominatim
1176 1193 1435 1271 determinato;
1520 1269 1521 1286 ᾖ

307 1323 389 1369 eum
407 1306 515 1388 Igitur
533 1305 739 1387 acceptatIo
757 1306 855 1368 facta
873 1305 983 1368 fuerit
1000 1303 1107 1383 juxta
1126 1305 1282 1364 mentem
1296 1300 1436 1363 donan-

309 1413 369 1494 tis,
390 1413 586 1478 dominium
611 1412 707 1476 illius
736 1411 817 1492 erit,
836 1411 939 1492 cujus
962 1428 1009 1474 ex
1037 1409 1238 1474 intentIone
1262 1407 1437 1472 donantis

312 1539 393 1586 esse
422 1520 543 1600 debet,
578 1537 722 1601 nempe,
753 1519 932 1582 ecclesiae
963 1517 1209 1598 particularis,
1242 1516 1300 1579 oui
1331 1515 1439 1578 facta

307 1629 376 1692 fuit
394 1629 555 1692 donatio:
575 1627 806 1712 simplicitati,
833 1625 967 1707 quippe
984 1625 1021 1688 in
1037 1624 1107 1688 hac
1124 1623 1307 1687 sententia
1323 1621 1438 1686 obvie

307 1741 344 1798 et
362 1741 462 1798 recte
492 1734 698 1814 explicatur
715 1739 752 1796 et
768 1733 996 1796 interventus
1024 1729 1158 1794 Summi
1185 1727 1370 1792 Pontificis
1394 1727 1436 1790 in
1520 1719 1521 1810 ζ

310 1840 592 1904 alienationibus
609 1839 785 1904 bonorum
800 1838 1130 1902 ecclesiastieorum
1144 1841 1181 1900 et
1197 1833 1436 1917 participatio
1520 1873 1521 1912 1

312 1946 574 2028 Episcoporum
616 1944 922 2010 administrationi
953 1943 1128 2006 bonorum
1169 1942 1216 2005 ad
1254 1941 1437 2006 ecclesias

313 2071 458 2118 suarum
477 2053 693 2116 dioeceseon
706 2051 1014 2116 concernentium:
1022 2051 1244 2134 prudentiae,
1259 2051 1435 2131 quoniam
1520 2079 1521 2082 ¹

307 2161 360 2224 ita
391 2161 556 2223 vitantur
572 2175 644 2224 non
673 2175 792 2240 pauca
808 2156 1048 2236 incommoda,
1066 2161 1237 2220 servatur
1265 2154 1435 2220 omnibus
1520 2173 1521 2218 3

311 2266 454 2330 debitus
472 2265 600 2345 bonor,
619 2273 846 2346 cunctaeque
875 2265 998 2345 justae
1027 2263 1215 2345 opiniones
1243 2261 1279 2326 in
1306 2261 1436 2344 aliquo

309 2389 418 2437 sensu
432 2378 468 2436 et
484 2371 550 2436 sub
564 2371 725 2452 legitimo
744 2376 913 2453 respectu
931 2371 1184 2434 conciliantur.

398 2477 452 2542 Ex
485 2479 683 2560 praejacds
701 2477 836 2560 liquido
856 2477 1039 2558 colligitur
1054 2494 1125 2540 non
1142 2475 1247 2540 modo
1266 2491 1346 2538 esse
1375 2491 1434 2538 re·

303 2585 501 2666 jiciendum
533 2585 636 2648 velut
654 2583 857 2648 cathoIIoae
882 2583 1070 2647 doctrinae
1094 2588 1221 2664 aperte
1247 2581 1432 2645 reluctari·

310 2699 382 2756 tem
400 2709 561 2754 errorem
580 2691 736 2772 illorum,
752 2691 812 2772 qui
827 2691 926 2754 civili
940 2689 1055 2754 Statui
1069 2690 1230 2753 tribuunt
1242 2705 1435 2754 sacrorum

310 2797 486 2862 bonorum
503 2798 711 2878 dominium,
731 2813 927 2879 eorumque
943 2797 1293 2861 administrationem
1312 2796 1433 2878 politi·
1520 2779 1521 2852 j

305 2905 359 2970 cis
388 2905 586 2986 guberniis,
607 2923 733 2968 verum
759 2907 868 2968 etiam
887 2923 933 2968 ex
961 2905 1141 2968 communi
1168 2904 1339 2987 loquendi
1355 2921 1432 2969 ser·

309 3029 416 3076 mone
453 3011 715 3092 expungendas
749 3029 830 3074 esse
866 3011 1435 3093 denominationes,improprias
1520 2995 1521 3030 ³

304 3125 415 3202 atque
447 3117 640 3182 insidiosas
672 3136 694 3180 a
722 3119 868 3182 saeculo
901 3117 1022 3181 XVIII
1055 3118 1221 3184 inductas
1254 3125 1290 3182 et
1322 3118 1433 3182 hodie

306 3227 442 3308 passim
478 3229 683 3307 usurpatas,
703 3224 832 3306 quibus
856 3223 1108 3290 ecclesiastica
1135 3223 1231 3290 bona
1247 3223 1434 3306 appellari
1520 3245 1521 3300 3

305 3333 426 3396 solent
455 3331 551 3395 bona
567 3331 725 3396 nationis
752 3331 881 3411 (bisara
903 3329 1120 3410 'nacioaaten
1138 3332 1199 3396 vel
1216 3331 1312 3394 bona
1339 3330 1434 3394 cleri

306 3441 435 3519 (tiones
460 3439 514 3502 det
528 3439 648 3520 clero);
665 3455 762 3518 nam,
782 3437 955 3518 quidquid
973 3438 1174 3502 effutierint
1190 3455 1237 3501 ex
1260 3437 1431 3520 ignoran-

307 3545 360 3607 tia
371 3545 433 3608 vel
451 3545 592 3608 malitia
607 3545 762 3624 juristae
779 3549 816 3607 et
832 3542 942 3606 aulici
955 3542 1104 3608 scholae
1120 3543 1352 3626 regalisticae
1369 3545 1432 3610 ad·

307 3653 449 3734 scripti,
469 3652 565 3716 bona
593 3653 782 3718 Ecclesiae
796 3668 940 3733 semper
957 3659 1063 3715 crunt
1080 3656 1116 3714 et
1128 3651 1295 3715 dicentur
1311 3649 1430 3716 Ecole·

304 3763 391 3842 aiae,
412 3760 458 3823 ad
476 3761 579 3841 quus
597 3761 853 3843 patrimonium
883 3760 990 3842 pleno
1008 3769 1044 3823 et
1070 3759 1233 3840 perfecto
1247 3759 1330 3840 jure
1347 3775 1429 3840 per·
1520 3803 1521 3826 t

309 3869 442 3947 tinent3
461 3885 645 3949 nunquam
663 3884 752 3931 vero
769 3866 890 3931 Statua
916 3883 978 3930 seu
1007 3865 1183 3946 Natioais,
1217 3883 1311 3947 quae
1327 3865 1431 3928 nulla

310 3978 492 4054 potestate
510 3973 546 4037 in
564 3991 624 4037 res
646 3973 916 4037 ecclesiasticas
947 3973 1096 4054 potitur,
1129 3989 1248 4054 neque
1280 3973 1429 4054 proprie
1520 3961 1521 4026 l

304 4079 488 4161 loquendo
520 4078 624 4160 Cleri,
650 4081 711 4161 qui
739 4079 884 4143 illorum
909 4077 1259 4143 administrationem
1287 4083 1428 4144 tantum
1520 4061 1521 4104 ³

300 4185 426 4269 habet,
445 4187 590 4250 minime
607 4191 729 4252 autem
747 4185 954 4250 dominium.
