<?xml version="1.0" encoding="UTF-8"?>
<!DOCTYPE html PUBLIC "-//W3C//DTD XHTML 1.0 Transitional//EN"
    "http://www.w3.org/TR/xhtml1/DTD/xhtml1-transitional.dtd">
<html xmlns="http://www.w3.org/1999/xhtml" xml:lang="en" lang="en">
 <head>
  <title>
</title>
<meta http-equiv="Content-Type" content="text/html;charset=utf-8" />
  <meta name='ocr-system' content='tesseract 3.04.00' />
  <meta name='ocr-capabilities' content='ocr_page ocr_carea ocr_par ocr_line ocrx_word'/>
</head>
<body>
  <div class='ocr_page' id='page_1' title='image "./juspublicumeccl00ferngoog_0213.png"; bbox 0 0 3038 4994; ppageno 0'>
   <div class='ocr_carea' id='block_1_1' title="bbox 819 347 997 407">
    <p class='ocr_par' dir='ltr' id='par_1_1' title="bbox 819 347 997 407">
     <span class='ocr_line' id='line_1_1' title="bbox 819 347 997 407; baseline 0 -13"><span class='ocrx_word' id='word_1_1' title='bbox 819 347 997 407; x_wconf 73' lang='lat' dir='ltr'><strong>..coe-</strong></span> 
     </span>
    </p>
   </div>
   <div class='ocr_carea' id='block_1_2' title="bbox 343 489 1502 3973">
    <p class='ocr_par' dir='ltr' id='par_1_2' title="bbox 343 489 1467 1103">
     <span class='ocr_line' id='line_1_2' title="bbox 343 489 1465 574; baseline -0.003 -18"><span class='ocrx_word' id='word_1_2' title='bbox 343 490 477 573; x_wconf 77' lang='lat' dir='ltr'><strong>testim,</strong></span> <span class='ocrx_word' id='word_1_3' title='bbox 496 491 721 574; x_wconf 89' lang='lat' dir='ltr'><strong>generaliter</strong></span> <span class='ocrx_word' id='word_1_4' title='bbox 738 491 785 555; x_wconf 85' lang='lat' dir='ltr'><strong>ad</strong></span> <span class='ocrx_word' id='word_1_5' title='bbox 814 491 1019 573; x_wconf 82' lang='lat' dir='ltr'><strong>praefatum</strong></span> <span class='ocrx_word' id='word_1_6' title='bbox 1036 489 1239 556; x_wconf 87' lang='lat' dir='ltr'><strong>Almidcum</strong></span> <span class='ocrx_word' id='word_1_7' title='bbox 1255 489 1465 554; x_wconf 88' lang='lat' dir='ltr'><strong>Pontificem</strong></span> 
     </span>
     <span class='ocr_line' id='line_1_3' title="bbox 343 594 1466 680; baseline -0.004 -18"><span class='ocrx_word' id='word_1_8' title='bbox 343 597 568 663; x_wconf 88' lang='lat' dir='ltr'><strong>confluentes</strong></span> <span class='ocrx_word' id='word_1_9' title='bbox 601 597 843 678; x_wconf 86' lang='lat' dir='ltr'><strong>advenerunt,</strong></span> <span class='ocrx_word' id='word_1_10' title='bbox 862 597 1012 680; x_wconf 82' lang='lat' dir='ltr'><strong>ejdeque</strong></span> <span class='ocrx_word' id='word_1_11' title='bbox 1028 595 1213 679; x_wconf 85' lang='lat' dir='ltr'>provoluti</span> <span class='ocrx_word' id='word_1_12' title='bbox 1240 594 1397 678; x_wconf 89' lang='lat' dir='ltr'><strong>pedibus</strong></span> <span class='ocrx_word' id='word_1_13' title='bbox 1411 598 1466 658; x_wconf 93' lang='lat' dir='ltr'><strong>ob·</strong></span> 
     </span>
     <span class='ocr_line' id='line_1_4' title="bbox 343 701 1467 786; baseline -0.004 -18"><span class='ocrx_word' id='word_1_14' title='bbox 343 703 613 768; x_wconf 83' lang='lat' dir='ltr'><strong>nixesanctam</strong></span> <span class='ocrx_word' id='word_1_15' title='bbox 630 704 744 786; x_wconf 86' lang='lat' dir='ltr'><strong>ipsius</strong></span> <span class='ocrx_word' id='word_1_16' title='bbox 757 709 814 768; x_wconf 91' lang='lat' dir='ltr'><strong>ter</strong></span> <span class='ocrx_word' id='word_1_17' title='bbox 831 703 1090 768; x_wconf 80' lang='lat' dir='ltr'><strong>beatitudinem</strong></span> <span class='ocrx_word' id='word_1_18' title='bbox 1109 701 1299 784; x_wconf 88' lang='lat' dir='ltr'><strong>deprecati</strong></span> <span class='ocrx_word' id='word_1_19' title='bbox 1317 707 1412 780; x_wconf 89' lang='lat' dir='ltr'><strong>sunt,</strong></span> <span class='ocrx_word' id='word_1_20' title='bbox 1432 706 1467 763; x_wconf 92' lang='lat' dir='ltr'><strong>ut</strong></span> 
     </span>
     <span class='ocr_line' id='line_1_5' title="bbox 343 805 1467 891; baseline -0.004 -17"><span class='ocrx_word' id='word_1_21' title='bbox 343 826 406 874; x_wconf 88' lang='lat' dir='ltr'><strong>eos</strong></span> <span class='ocrx_word' id='word_1_22' title='bbox 424 809 462 874; x_wconf 95' lang='lat' dir='ltr'><strong>in</strong></span> <span class='ocrx_word' id='word_1_23' title='bbox 478 809 630 874; x_wconf 86' lang='lat' dir='ltr'><strong>servitio</strong></span> <span class='ocrx_word' id='word_1_24' title='bbox 657 809 698 874; x_wconf 92' lang='lat' dir='ltr'><strong>B.</strong></span> <span class='ocrx_word' id='word_1_25' title='bbox 724 807 823 874; x_wconf 84' lang='lat' dir='ltr'><strong>Petri</strong></span> <span class='ocrx_word' id='word_1_26' title='bbox 850 807 1079 891; x_wconf 74' lang='lat' dir='ltr'><strong>sanctaeque</strong></span> <span class='ocrx_word' id='word_1_27' title='bbox 1096 809 1175 890; x_wconf 89' lang='lat' dir='ltr'><strong>ejus</strong></span> <span class='ocrx_word' id='word_1_28' title='bbox 1202 807 1390 872; x_wconf 81' lang='lat' dir='ltr'><strong>Romanae</strong></span> <span class='ocrx_word' id='word_1_29' title='bbox 1407 805 1467 870; x_wconf 81' lang='lat' dir='ltr'><strong>Idc-</strong></span> 
     </span>
     <span class='ocr_line' id='line_1_6' title="bbox 344 913 1465 998; baseline -0.004 -18"><span class='ocrx_word' id='word_1_30' title='bbox 344 915 480 980; x_wconf 89' lang='lat' dir='ltr'><strong>clesiae</strong></span> <span class='ocrx_word' id='word_1_31' title='bbox 509 916 726 998; x_wconf 85' lang='lat' dir='ltr'><strong>susciperet,</strong></span> <span class='ocrx_word' id='word_1_32' title='bbox 745 919 783 980; x_wconf 92' lang='lat' dir='ltr'><strong>et</strong></span> <span class='ocrx_word' id='word_1_33' title='bbox 811 933 911 980; x_wconf 86' lang='lat' dir='ltr'><strong>more</strong></span> <span class='ocrx_word' id='word_1_34' title='bbox 934 914 1177 980; x_wconf 87' lang='lat' dir='ltr'><strong>Romanorum</strong></span> <span class='ocrx_word' id='word_1_35' title='bbox 1204 913 1392 978; x_wconf 89' lang='lat' dir='ltr'><strong>tonsurari</strong></span> <span class='ocrx_word' id='word_1_36' title='bbox 1418 913 1465 976; x_wconf 84' lang='lat' dir='ltr'><strong>fa·</strong></span> 
     </span>
     <span class='ocr_line' id='line_1_7' title="bbox 344 1021 546 1106; baseline 0 -20"><span class='ocrx_word' id='word_1_37' title='bbox 344 1025 465 1106; x_wconf 86' lang='lat' dir='ltr'><strong>ceret,</strong></span> <span class='ocrx_word' id='word_1_38' title='bbox 485 1021 546 1103; x_wconf 88' lang='grc'><strong>(1).</strong></span> 
     </span>
    </p>

    <p class='ocr_par' dir='ltr' id='par_1_3' title="bbox 344 1125 1502 3320">
     <span class='ocr_line' id='line_1_8' title="bbox 433 1125 1463 1214; baseline -0.002 -22"><span class='ocrx_word' id='word_1_39' title='bbox 433 1127 672 1214; x_wconf 79' lang='lat' dir='ltr'><strong>Mauificcntic</strong></span> <span class='ocrx_word' id='word_1_40' title='bbox 703 1127 919 1211; x_wconf 76' lang='lat' dir='ltr'><strong><em>Principum.</em></strong></span> <span class='ocrx_word' id='word_1_41' title='bbox 951 1126 1081 1191; x_wconf 81' lang='lat' dir='ltr'>Tribus</span> <span class='ocrx_word' id='word_1_42' title='bbox 1112 1125 1305 1190; x_wconf 76' lang='lat' dir='ltr'><strong>recensitis</strong></span> <span class='ocrx_word' id='word_1_43' title='bbox 1339 1125 1463 1204; x_wconf 85' lang='lat' dir='ltr'><strong>causis,</strong></span> 
     </span>
     <span class='ocr_line' id='line_1_9' title="bbox 345 1231 1465 1316; baseline -0.002 -19"><span class='ocrx_word' id='word_1_44' title='bbox 345 1250 440 1316; x_wconf 89' lang='lat' dir='ltr'><strong>qnae</strong></span> <span class='ocrx_word' id='word_1_45' title='bbox 456 1234 561 1300; x_wconf 89' lang='lat' dir='ltr'><strong>nobis</strong></span> <span class='ocrx_word' id='word_1_46' title='bbox 577 1239 635 1298; x_wconf 86' lang='lat' dir='ltr'><strong>sat</strong></span> <span class='ocrx_word' id='word_1_47' title='bbox 651 1233 788 1316; x_wconf 89' lang='lat' dir='ltr'><strong>liquido</strong></span> <span class='ocrx_word' id='word_1_48' title='bbox 807 1233 980 1316; x_wconf 88' lang='lat' dir='ltr'><strong>detegunt</strong></span> <span class='ocrx_word' id='word_1_49' title='bbox 993 1251 1119 1298; x_wconf 88' lang='lat' dir='ltr'><strong>veram</strong></span> <span class='ocrx_word' id='word_1_50' title='bbox 1131 1231 1367 1314; x_wconf 88' lang='lat' dir='ltr'><strong>Principatus</strong></span> <span class='ocrx_word' id='word_1_51' title='bbox 1383 1231 1465 1296; x_wconf 91' lang='lat' dir='ltr'><strong>Pon-</strong></span> 
     </span>
     <span class='ocr_line' id='line_1_10' title="bbox 345 1325 1502 1422; baseline -0.002 -20"><span class='ocrx_word' id='word_1_52' title='bbox 345 1339 447 1404; x_wconf 87' lang='lat' dir='ltr'><strong>tificii</strong></span> <span class='ocrx_word' id='word_1_53' title='bbox 464 1341 654 1422; x_wconf 85' lang='lat' dir='ltr'><strong>originem,</strong></span> <span class='ocrx_word' id='word_1_54' title='bbox 670 1339 878 1421; x_wconf 85' lang='lat' dir='ltr'><strong>adjicienda</strong></span> <span class='ocrx_word' id='word_1_55' title='bbox 894 1345 949 1404; x_wconf 88' lang='lat' dir='ltr'><strong>est</strong></span> <span class='ocrx_word' id='word_1_56' title='bbox 971 1340 1109 1422; x_wconf 83' lang='lat' dir='ltr'><strong>Regum</strong></span> <span class='ocrx_word' id='word_1_57' title='bbox 1125 1339 1354 1404; x_wconf 77' lang='lat' dir='ltr'><strong>Francorum</strong></span> <span class='ocrx_word' id='word_1_58' title='bbox 1386 1338 1464 1402; x_wconf 94' lang='lat' dir='ltr'><strong>libe·</strong></span> <span class='ocrx_word' id='word_1_59' title='bbox 1501 1325 1502 1346; x_wconf 73' lang='lat'>³</span> 
     </span>
     <span class='ocr_line' id='line_1_11' title="bbox 344 1445 1463 1530; baseline -0.002 -21"><span class='ocrx_word' id='word_1_60' title='bbox 344 1445 486 1528; x_wconf 89' lang='lat' dir='ltr'><strong>ralitas,</strong></span> <span class='ocrx_word' id='word_1_61' title='bbox 524 1447 585 1530; x_wconf 92' lang='lat' dir='ltr'><strong>qui</strong></span> <span class='ocrx_word' id='word_1_62' title='bbox 615 1463 697 1510; x_wconf 92' lang='lat' dir='ltr'><strong>cum</strong></span> <span class='ocrx_word' id='word_1_63' title='bbox 727 1445 909 1510; x_wconf 90' lang='lat' dir='ltr'><strong>Barbaros</strong></span> <span class='ocrx_word' id='word_1_64' title='bbox 940 1446 1051 1510; x_wconf 86' lang='lat' dir='ltr'><strong>armis</strong></span> <span class='ocrx_word' id='word_1_65' title='bbox 1081 1445 1327 1527; x_wconf 86' lang='lat' dir='ltr'><strong>subegissent,</strong></span> <span class='ocrx_word' id='word_1_66' title='bbox 1359 1447 1394 1508; x_wconf 89' lang='lat' dir='ltr'><strong>et</strong></span> <span class='ocrx_word' id='word_1_67' title='bbox 1423 1461 1463 1508; x_wconf 83' lang='lat' dir='ltr'><strong>ex</strong></span> 
     </span>
     <span class='ocr_line' id='line_1_12' title="bbox 345 1551 1502 1633; baseline -0.005 -16"><span class='ocrx_word' id='word_1_68' title='bbox 345 1567 471 1617; x_wconf 92' lang='lat' dir='ltr'><strong>eorum</strong></span> <span class='ocrx_word' id='word_1_69' title='bbox 498 1551 666 1617; x_wconf 87' lang='lat' dir='ltr'><strong>manibus</strong></span> <span class='ocrx_word' id='word_1_70' title='bbox 694 1551 913 1633; x_wconf 86' lang='lat' dir='ltr'><strong>eripuissent</strong></span> <span class='ocrx_word' id='word_1_71' title='bbox 930 1568 1023 1632; x_wconf 93' lang='lat' dir='ltr'><strong>quae</strong></span> <span class='ocrx_word' id='word_1_72' title='bbox 1052 1551 1120 1615; x_wconf 89' lang='lat' dir='ltr'><strong>sibi</strong></span> <span class='ocrx_word' id='word_1_73' title='bbox 1149 1553 1421 1632; x_wconf 87' lang='lat' dir='ltr'><strong>usurpaverant</strong></span> <span class='ocrx_word' id='word_1_74' title='bbox 1446 1567 1465 1611; x_wconf 92' lang='lat' dir='ltr'><strong>a</strong></span> <span class='ocrx_word' id='word_1_75' title='bbox 1501 1623 1502 1632; x_wconf 8' lang='grc' dir='ltr'>ἵ</span> 
     </span>
     <span class='ocr_line' id='line_1_13' title="bbox 344 1654 1502 1740; baseline -0.005 -18"><span class='ocrx_word' id='word_1_76' title='bbox 344 1657 509 1722; x_wconf 87' lang='lat' dir='ltr'><strong>Romana</strong></span> <span class='ocrx_word' id='word_1_77' title='bbox 539 1657 631 1722; x_wconf 89' lang='lat' dir='ltr'><strong>Sede</strong></span> <span class='ocrx_word' id='word_1_78' title='bbox 657 1657 796 1740; x_wconf 77' lang='lat' dir='ltr'><strong>Jamdiu</strong></span> <span class='ocrx_word' id='word_1_79' title='bbox 820 1659 918 1739; x_wconf 90' lang='lat' dir='ltr'><strong>juste</strong></span> <span class='ocrx_word' id='word_1_80' title='bbox 944 1672 1126 1740; x_wconf 87' lang='lat' dir='ltr'><strong>possessa,</strong></span> <span class='ocrx_word' id='word_1_81' title='bbox 1157 1654 1277 1721; x_wconf 91' lang='lat' dir='ltr'><strong>eidem</strong></span> <span class='ocrx_word' id='word_1_82' title='bbox 1308 1657 1464 1719; x_wconf 86' lang='lat' dir='ltr'><strong>restitue·</strong></span> <span class='ocrx_word' id='word_1_83' title='bbox 1501 1663 1502 1724; x_wconf 70' lang='lat' dir='ltr'><strong>l</strong></span> 
     </span>
     <span class='ocr_line' id='line_1_14' title="bbox 345 1761 1463 1847; baseline -0.003 -20"><span class='ocrx_word' id='word_1_84' title='bbox 345 1767 431 1827; x_wconf 89' lang='lat' dir='ltr'><strong>runt</strong></span> <span class='ocrx_word' id='word_1_85' title='bbox 443 1781 537 1845; x_wconf 91' lang='lat' dir='ltr'><strong>quae</strong></span> <span class='ocrx_word' id='word_1_86' title='bbox 554 1763 734 1847; x_wconf 83' lang='lat' dir='ltr'><strong>adipeam</strong></span> <span class='ocrx_word' id='word_1_87' title='bbox 751 1764 982 1846; x_wconf 83' lang='lat' dir='ltr'><strong>spectabant,</strong></span> <span class='ocrx_word' id='word_1_88' title='bbox 993 1767 1240 1844; x_wconf 83' lang='lat' dir='ltr'><strong>aggregantes</strong></span> <span class='ocrx_word' id='word_1_89' title='bbox 1258 1761 1463 1844; x_wconf 86' lang='lat' dir='ltr'><strong>provincias</strong></span> 
     </span>
     <span class='ocr_line' id='line_1_15' title="bbox 347 1867 1502 1968; baseline -0.005 -34"><span class='ocrx_word' id='word_1_90' title='bbox 347 1888 437 1953; x_wconf 89' lang='lat' dir='ltr'><strong>quae</strong></span> <span class='ocrx_word' id='word_1_91' title='bbox 451 1871 549 1952; x_wconf 89' lang='lat' dir='ltr'><strong>justo</strong></span> <span class='ocrx_word' id='word_1_92' title='bbox 575 1871 672 1935; x_wconf 93' lang='lat' dir='ltr'><strong>bello</strong></span> <span class='ocrx_word' id='word_1_93' title='bbox 697 1871 957 1953; x_wconf 86' lang='lat' dir='ltr'><strong>acquisierant,</strong></span> <span class='ocrx_word' id='word_1_94' title='bbox 976 1887 1139 1953; x_wconf 86' lang='lat' dir='ltr'><strong>quasque</strong></span> <span class='ocrx_word' id='word_1_95' title='bbox 1163 1867 1233 1934; x_wconf 90' lang='lat' dir='ltr'><strong>sibi</strong></span> <span class='ocrx_word' id='word_1_96' title='bbox 1256 1885 1376 1950; x_wconf 89' lang='lat' dir='ltr'><strong>aequo</strong></span> <span class='ocrx_word' id='word_1_97' title='bbox 1391 1869 1464 1948; x_wconf 91' lang='lat' dir='ltr'><strong>jure</strong></span> <span class='ocrx_word' id='word_1_98' title='bbox 1501 1875 1502 1968; x_wconf 43' lang='lat' dir='ltr'><strong>p</strong></span> 
     </span>
     <span class='ocr_line' id='line_1_16' title="bbox 346 1973 1464 2060; baseline -0.006 -19"><span class='ocrx_word' id='word_1_99' title='bbox 346 1977 538 2042; x_wconf 86' lang='lat' dir='ltr'><strong>vindicare</strong></span> <span class='ocrx_word' id='word_1_100' title='bbox 564 1977 782 2060; x_wconf 91' lang='lat' dir='ltr'><strong>potuissent,</strong></span> <span class='ocrx_word' id='word_1_101' title='bbox 809 1975 1010 2058; x_wconf 75' lang='lat' dir='ltr'><strong>cuiusmodi</strong></span> <span class='ocrx_word' id='word_1_102' title='bbox 1037 1977 1184 2040; x_wconf 84' lang='lat' dir='ltr'><strong>fuerunt</strong></span> <span class='ocrx_word' id='word_1_103' title='bbox 1216 1975 1405 2040; x_wconf 91' lang='lat' dir='ltr'><strong>territoria</strong></span> <span class='ocrx_word' id='word_1_104' title='bbox 1432 1973 1464 2035; x_wconf 92' lang='lat' dir='ltr'><strong>in</strong></span> 
     </span>
     <span class='ocr_line' id='line_1_17' title="bbox 346 2075 1502 2164; baseline -0.007 -16"><span class='ocrx_word' id='word_1_105' title='bbox 346 2081 557 2148; x_wconf 83' lang='lat' dir='ltr'><strong>Exarchatu</strong></span> <span class='ocrx_word' id='word_1_106' title='bbox 575 2083 789 2148; x_wconf 82' lang='lat' dir='ltr'><strong>Rauennate</strong></span> <span class='ocrx_word' id='word_1_107' title='bbox 807 2091 843 2148; x_wconf 88' lang='lat' dir='ltr'><strong>et</strong></span> <span class='ocrx_word' id='word_1_108' title='bbox 859 2082 1051 2164; x_wconf 87' lang='lat' dir='ltr'><strong>Pentapoli</strong></span> <span class='ocrx_word' id='word_1_109' title='bbox 1068 2079 1351 2162; x_wconf 86' lang='lat' dir='ltr'><strong>comprehensa,</strong></span> <span class='ocrx_word' id='word_1_110' title='bbox 1367 2095 1461 2162; x_wconf 86' lang='lat' dir='ltr'><strong>quae,</strong></span> <span class='ocrx_word' id='word_1_111' title='bbox 1501 2075 1502 2156; x_wconf 75' lang='lat' dir='ltr'><strong>l</strong></span> 
     </span>
     <span class='ocr_line' id='line_1_18' title="bbox 346 2184 1462 2270; baseline -0.004 -18"><span class='ocrx_word' id='word_1_112' title='bbox 346 2189 436 2254; x_wconf 86' lang='lat' dir='ltr'><strong>inito</strong></span> <span class='ocrx_word' id='word_1_113' title='bbox 467 2189 615 2254; x_wconf 84' lang='lat' dir='ltr'><strong>loedere</strong></span> <span class='ocrx_word' id='word_1_114' title='bbox 644 2207 708 2254; x_wconf 88' lang='lat' dir='ltr'><strong>seu</strong></span> <span class='ocrx_word' id='word_1_115' title='bbox 740 2187 917 2270; x_wconf 89' lang='lat' dir='ltr'><strong>paeto,B.</strong></span> <span class='ocrx_word' id='word_1_116' title='bbox 937 2187 1044 2252; x_wconf 89' lang='lat' dir='ltr'><strong>Petro</strong></span> <span class='ocrx_word' id='word_1_117' title='bbox 1062 2193 1125 2251; x_wconf 92' lang='lat' dir='ltr'><strong>aut</strong></span> <span class='ocrx_word' id='word_1_118' title='bbox 1152 2185 1328 2251; x_wconf 89' lang='lat' dir='ltr'><strong>Romanis</strong></span> <span class='ocrx_word' id='word_1_119' title='bbox 1356 2184 1462 2249; x_wconf 91' lang='lat' dir='ltr'><strong>Ponti·</strong></span> 
     </span>
     <span class='ocr_line' id='line_1_19' title="bbox 346 2289 1502 2378; baseline -0.006 -19"><span class='ocrx_word' id='word_1_120' title='bbox 346 2295 511 2360; x_wconf 88' lang='lat' dir='ltr'><strong>ficibus</strong></span> <span class='ocrx_word' id='word_1_121' title='bbox 502 2313 539 2358; x_wconf 89' lang='lat' dir='ltr'><strong>rn</strong></span> <span class='ocrx_word' id='word_1_122' title='bbox 563 2299 779 2378; x_wconf 89' lang='lat' dir='ltr'><strong>perpetuum</strong></span> <span class='ocrx_word' id='word_1_123' title='bbox 809 2299 1008 2376; x_wconf 91' lang='lat' dir='ltr'><strong>cesserunt,</strong></span> <span class='ocrx_word' id='word_1_124' title='bbox 1029 2301 1065 2359; x_wconf 91' lang='lat' dir='ltr'><strong>et</strong></span> <span class='ocrx_word' id='word_1_125' title='bbox 1094 2293 1140 2358; x_wconf 90' lang='lat' dir='ltr'><strong>ad</strong></span> <span class='ocrx_word' id='word_1_126' title='bbox 1167 2311 1234 2358; x_wconf 92' lang='lat' dir='ltr'><strong>nos</strong></span> <span class='ocrx_word' id='word_1_127' title='bbox 1265 2311 1380 2376; x_wconf 89' lang='lat' dir='ltr'><strong>usque</strong></span> <span class='ocrx_word' id='word_1_128' title='bbox 1406 2289 1502 2360; x_wconf 89' lang='lat' dir='ltr'><strong>sub</strong></span> 
     </span>
     <span class='ocr_line' id='line_1_20' title="bbox 347 2379 1502 2483; baseline -0.005 -17"><span class='ocrx_word' id='word_1_129' title='bbox 347 2402 641 2467; x_wconf 90' lang='lat' dir='ltr'><strong>denominatione</strong></span> <span class='ocrx_word' id='word_1_130' title='bbox 658 2401 864 2466; x_wconf 90' lang='lat' dir='ltr'><strong>donationis</strong></span> <span class='ocrx_word' id='word_1_131' title='bbox 881 2400 999 2483; x_wconf 91' lang='lat' dir='ltr'><strong>Pipini</strong></span> <span class='ocrx_word' id='word_1_132' title='bbox 1017 2403 1054 2465; x_wconf 93' lang='lat' dir='ltr'><strong>et</strong></span> <span class='ocrx_word' id='word_1_133' title='bbox 1071 2398 1195 2465; x_wconf 80' lang='lat' dir='ltr'><strong>Caroli</strong></span> <span class='ocrx_word' id='word_1_134' title='bbox 1223 2397 1349 2481; x_wconf 89' lang='lat' dir='ltr'><strong>Magni</strong></span> <span class='ocrx_word' id='word_1_135' title='bbox 1367 2413 1462 2462; x_wconf 87' lang='lat' dir='ltr'><strong>vene·</strong></span> <span class='ocrx_word' id='word_1_136' title='bbox 1501 2379 1502 2472; x_wconf 67' lang='lat' dir='ltr'><strong>l</strong></span> 
     </span>
     <span class='ocr_line' id='line_1_21' title="bbox 346 2481 1502 2622; baseline -0.006 -51"><span class='ocrx_word' id='word_1_137' title='bbox 346 2513 443 2572; x_wconf 93' lang='lat' dir='ltr'><strong>runt.</strong></span> <span class='ocrx_word' id='word_1_138' title='bbox 473 2507 614 2572; x_wconf 88' lang='lat' dir='ltr'><strong>Deinde</strong></span> <span class='ocrx_word' id='word_1_139' title='bbox 644 2509 878 2572; x_wconf 90' lang='lat' dir='ltr'><strong>accesserunt</strong></span> <span class='ocrx_word' id='word_1_140' title='bbox 906 2506 1120 2588; x_wconf 88' lang='lat' dir='ltr'><strong>largitiones</strong></span> <span class='ocrx_word' id='word_1_141' title='bbox 1155 2507 1313 2572; x_wconf 89' lang='lat' dir='ltr'><strong>aliorum</strong></span> <span class='ocrx_word' id='word_1_142' title='bbox 1340 2481 1502 2622; x_wconf 43' lang='lat' dir='ltr'><strong>Primi}</strong></span> 
     </span>
     <span class='ocr_line' id='line_1_22' title="bbox 347 2583 1502 2695; baseline -0.005 -18"><span class='ocrx_word' id='word_1_143' title='bbox 347 2631 446 2695; x_wconf 90' lang='lat' dir='ltr'><strong>pum,</strong></span> <span class='ocrx_word' id='word_1_144' title='bbox 465 2615 665 2695; x_wconf 91' lang='lat' dir='ltr'><strong>praecipue</strong></span> <span class='ocrx_word' id='word_1_145' title='bbox 691 2618 811 2676; x_wconf 88' lang='lat' dir='ltr'><strong>autem</strong></span> <span class='ocrx_word' id='word_1_146' title='bbox 839 2611 1054 2677; x_wconf 88' lang='lat' dir='ltr'><strong>donationes</strong></span> <span class='ocrx_word' id='word_1_147' title='bbox 1081 2613 1238 2678; x_wconf 89' lang='lat' dir='ltr'><strong>celebris</strong></span> <span class='ocrx_word' id='word_1_148' title='bbox 1257 2583 1502 2684; x_wconf 73' lang='lat' dir='ltr'><strong>comitissae</strong></span> 
     </span>
     <span class='ocr_line' id='line_1_23' title="bbox 347 2715 1502 2800; baseline -0.005 -16"><span class='ocrx_word' id='word_1_149' title='bbox 347 2719 532 2785; x_wconf 85' lang='lat' dir='ltr'><strong>Mathildis</strong></span> <span class='ocrx_word' id='word_1_150' title='bbox 561 2720 653 2786; x_wconf 90' lang='lat' dir='ltr'><strong>alias</strong></span> <span class='ocrx_word' id='word_1_151' title='bbox 682 2719 867 2800; x_wconf 89' lang='lat' dir='ltr'><strong>laudatae,</strong></span> <span class='ocrx_word' id='word_1_152' title='bbox 889 2719 991 2800; x_wconf 87' lang='lat' dir='ltr'><strong>cujus</strong></span> <span class='ocrx_word' id='word_1_153' title='bbox 1022 2717 1229 2785; x_wconf 76' lang='lat' dir='ltr'><strong>Ubartulaa</strong></span> <span class='ocrx_word' id='word_1_154' title='bbox 1258 2715 1502 2784; x_wconf 50' lang='lat' dir='ltr'><strong>CodiceRoul</strong></span> 
     </span>
     <span class='ocr_line' id='line_1_24' title="bbox 348 2821 1502 2908; baseline -0.004 -18"><span class='ocrx_word' id='word_1_155' title='bbox 348 2824 523 2907; x_wconf 90' lang='lat' dir='ltr'><strong>dulphino</strong></span> <span class='ocrx_word' id='word_1_156' title='bbox 540 2825 733 2908; x_wconf 89' lang='lat' dir='ltr'><strong>recognita</strong></span> <span class='ocrx_word' id='word_1_157' title='bbox 750 2829 786 2888; x_wconf 91' lang='lat' dir='ltr'><strong>et</strong></span> <span class='ocrx_word' id='word_1_158' title='bbox 809 2825 952 2889; x_wconf 88' lang='lat' dir='ltr'><strong>sancita</strong></span> <span class='ocrx_word' id='word_1_159' title='bbox 978 2825 1052 2906; x_wconf 87' lang='lat' dir='ltr'><strong>legi</strong></span> <span class='ocrx_word' id='word_1_160' title='bbox 1068 2828 1191 2906; x_wconf 87' lang='lat' dir='ltr'><strong>potest</strong></span> <span class='ocrx_word' id='word_1_161' title='bbox 1214 2823 1317 2908; x_wconf 89' lang='lat' dir='ltr'><strong>apud</strong></span> <span class='ocrx_word' id='word_1_162' title='bbox 1334 2821 1502 2903; x_wconf 81' lang='lat' dir='ltr'><strong>Oajeta</strong></span> <span class='ocrx_word' id='word_1_163' title='bbox 1501 2839 1502 2896; x_wconf 85' lang='lat' dir='ltr'><strong>l</strong></span> 
     </span>
     <span class='ocr_line' id='line_1_25' title="bbox 347 2930 1502 3014; baseline -0.005 -18"><span class='ocrx_word' id='word_1_164' title='bbox 347 2949 433 2996; x_wconf 93' lang='lat' dir='ltr'><strong>num</strong></span> <span class='ocrx_word' id='word_1_165' title='bbox 458 2930 606 2996; x_wconf 81' lang='lat' dir='ltr'><strong>Canni</strong></span> <span class='ocrx_word' id='word_1_166' title='bbox 596 2951 633 2996; x_wconf 93' lang='lat' dir='ltr'><strong>1n</strong></span> <span class='ocrx_word' id='word_1_167' title='bbox 659 2948 770 3014; x_wconf 87' lang='lat' dir='ltr'><strong>opere</strong></span> <span class='ocrx_word' id='word_1_168' title='bbox 798 2932 856 2995; x_wconf 91' lang='lat' dir='ltr'><strong>cui</strong></span> <span class='ocrx_word' id='word_1_169' title='bbox 882 2931 1280 2998; x_wconf 79' lang='lat' dir='ltr'><strong>titulus-Monumcuta</strong></span> <span class='ocrx_word' id='word_1_170' title='bbox 1308 2930 1502 2997; x_wconf 76' lang='lat' dir='ltr'><strong>Domina·</strong></span> 
     </span>
     <span class='ocr_line' id='line_1_26' title="bbox 349 3037 1502 3132; baseline -0.01 -27"><span class='ocrx_word' id='word_1_171' title='bbox 349 3039 454 3105; x_wconf 81' lang='lat' dir='ltr'><strong>tionis</strong></span> <span class='ocrx_word' id='word_1_172' title='bbox 471 3038 730 3124; x_wconf 75' lang='lat' dir='ltr'><strong>Pontificicc-,</strong></span> <span class='ocrx_word' id='word_1_173' title='bbox 748 3038 809 3102; x_wconf 94' lang='lat' dir='ltr'><strong>ubi</strong></span> <span class='ocrx_word' id='word_1_174' title='bbox 825 3039 1013 3120; x_wconf 89' lang='lat' dir='ltr'><strong>prostrant</strong></span> <span class='ocrx_word' id='word_1_175' title='bbox 1043 3038 1201 3102; x_wconf 90' lang='lat' dir='ltr'><strong>collecta</strong></span> <span class='ocrx_word' id='word_1_176' title='bbox 1232 3037 1463 3102; x_wconf 87' lang='lat' dir='ltr'><strong>instrumenta</strong></span> <span class='ocrx_word' id='word_1_177' title='bbox 1501 3051 1502 3132; x_wconf 38' lang='grc' dir='ltr'>ᾗ</span> 
     </span>
     <span class='ocr_line' id='line_1_27' title="bbox 348 3138 1459 3228; baseline -0.008 -19"><span class='ocrx_word' id='word_1_178' title='bbox 348 3145 496 3228; x_wconf 91' lang='lat' dir='ltr'><strong>publica</strong></span> <span class='ocrx_word' id='word_1_179' title='bbox 513 3148 550 3208; x_wconf 92' lang='lat' dir='ltr'><strong>et</strong></span> <span class='ocrx_word' id='word_1_180' title='bbox 578 3143 801 3225; x_wconf 90' lang='lat' dir='ltr'><strong>authentica,</strong></span> <span class='ocrx_word' id='word_1_181' title='bbox 820 3159 914 3225; x_wconf 90' lang='lat' dir='ltr'><strong>quae</strong></span> <span class='ocrx_word' id='word_1_182' title='bbox 941 3143 1081 3208; x_wconf 89' lang='lat' dir='ltr'><strong>adhoc</strong></span> <span class='ocrx_word' id='word_1_183' title='bbox 1109 3149 1365 3226; x_wconf 88' lang='lat' dir='ltr'><strong>argumentum</strong></span> <span class='ocrx_word' id='word_1_184' title='bbox 1380 3138 1459 3206; x_wconf 89' lang='lat' dir='ltr'><strong>reie-</strong></span> 
     </span>
     <span class='ocr_line' id='line_1_28' title="bbox 348 3255 489 3316; baseline -0.006 0"><span class='ocrx_word' id='word_1_185' title='bbox 348 3255 489 3316; x_wconf 89' lang='lat' dir='ltr'><strong>runtur.</strong></span> 
     </span>
    </p>

    <p class='ocr_par' dir='ltr' id='par_1_4' title="bbox 348 3351 1502 3973">
     <span class='ocr_line' id='line_1_29' title="bbox 437 3351 1502 3440; baseline -0.008 -19"><span class='ocrx_word' id='word_1_186' title='bbox 437 3355 492 3421; x_wconf 84' lang='lat' dir='ltr'><strong>En</strong></span> <span class='ocrx_word' id='word_1_187' title='bbox 509 3355 653 3440; x_wconf 88' lang='lat' dir='ltr'><strong>quidem</strong></span> <span class='ocrx_word' id='word_1_188' title='bbox 672 3357 787 3439; x_wconf 89' lang='lat' dir='ltr'><strong>origo,</strong></span> <span class='ocrx_word' id='word_1_189' title='bbox 806 3357 967 3422; x_wconf 89' lang='lat' dir='ltr'><strong>evolutio</strong></span> <span class='ocrx_word' id='word_1_190' title='bbox 985 3362 1095 3439; x_wconf 89' lang='lat' dir='ltr'><strong>atque</strong></span> <span class='ocrx_word' id='word_1_191' title='bbox 1109 3357 1323 3422; x_wconf 88' lang='lat' dir='ltr'><strong>constitutio</strong></span> <span class='ocrx_word' id='word_1_192' title='bbox 1341 3351 1460 3420; x_wconf 89' lang='lat' dir='ltr'><strong>Princi·</strong></span> <span class='ocrx_word' id='word_1_193' title='bbox 1501 3371 1502 3404; x_wconf 56' lang='grc' dir='ltr'>ι</span> 
     </span>
     <span class='ocr_line' id='line_1_30' title="bbox 348 3455 1463 3546; baseline -0.007 -18"><span class='ocrx_word' id='word_1_194' title='bbox 348 3465 457 3546; x_wconf 88' lang='lat' dir='ltr'><strong>patus</strong></span> <span class='ocrx_word' id='word_1_195' title='bbox 474 3463 593 3528; x_wconf 91' lang='lat' dir='ltr'><strong>civilis</strong></span> <span class='ocrx_word' id='word_1_196' title='bbox 609 3460 766 3527; x_wconf 87' lang='lat' dir='ltr'><strong>Sanctae</strong></span> <span class='ocrx_word' id='word_1_197' title='bbox 797 3461 912 3543; x_wconf 89' lang='lat' dir='ltr'><strong>Sedis;</strong></span> <span class='ocrx_word' id='word_1_198' title='bbox 947 3463 1093 3528; x_wconf 92' lang='lat' dir='ltr'><strong>devicto</strong></span> <span class='ocrx_word' id='word_1_199' title='bbox 1123 3463 1379 3529; x_wconf 85' lang='lat' dir='ltr'><strong>Aetolioanno</strong></span> <span class='ocrx_word' id='word_1_200' title='bbox 1407 3455 1463 3522; x_wconf 77' lang='lat'><strong>754</strong></span> 
     </span>
     <span class='ocr_line' id='line_1_31' title="bbox 348 3564 1502 3670; baseline -0.007 -36"><span class='ocrx_word' id='word_1_201' title='bbox 348 3587 415 3653; x_wconf 90' lang='lat' dir='ltr'><strong>per</strong></span> <span class='ocrx_word' id='word_1_202' title='bbox 428 3569 608 3652; x_wconf 88' lang='lat' dir='ltr'><strong>Pipinum,</strong></span> <span class='ocrx_word' id='word_1_203' title='bbox 625 3575 661 3634; x_wconf 89' lang='lat' dir='ltr'><strong>et</strong></span> <span class='ocrx_word' id='word_1_204' title='bbox 678 3571 839 3636; x_wconf 86' lang='lat' dir='ltr'><strong>extincto</strong></span> <span class='ocrx_word' id='word_1_205' title='bbox 857 3587 952 3634; x_wconf 89' lang='lat' dir='ltr'><strong>anno</strong></span> <span class='ocrx_word' id='word_1_206' title='bbox 980 3569 1187 3653; x_wconf 71' lang='lat' dir='ltr'><strong>ruruegao</strong></span> <span class='ocrx_word' id='word_1_207' title='bbox 1217 3564 1461 3654; x_wconf 90' lang='lat' dir='ltr'><strong>Longobardo·</strong></span> <span class='ocrx_word' id='word_1_208' title='bbox 1501 3613 1502 3670; x_wconf 57' lang='lat'><strong>,</strong></span> 
     </span>
     <span class='ocr_line' id='line_1_32' title="bbox 348 3672 1502 3764; baseline -0.006 -23"><span class='ocrx_word' id='word_1_209' title='bbox 348 3692 428 3741; x_wconf 93' lang='lat' dir='ltr'><strong>rum</strong></span> <span class='ocrx_word' id='word_1_210' title='bbox 445 3693 511 3758; x_wconf 89' lang='lat' dir='ltr'><strong>per</strong></span> <span class='ocrx_word' id='word_1_211' title='bbox 528 3676 707 3758; x_wconf 88' lang='lat' dir='ltr'><strong>gloriosas</strong></span> <span class='ocrx_word' id='word_1_212' title='bbox 734 3674 856 3742; x_wconf 87' lang='lat' dir='ltr'><strong>Caroli</strong></span> <span class='ocrx_word' id='word_1_213' title='bbox 871 3676 995 3758; x_wconf 86' lang='lat' dir='ltr'><strong>Magni</strong></span> <span class='ocrx_word' id='word_1_214' title='bbox 1011 3677 1201 3760; x_wconf 83' lang='lat' dir='ltr'><strong>victorias,</strong></span> <span class='ocrx_word' id='word_1_215' title='bbox 1215 3676 1370 3742; x_wconf 86' lang='lat' dir='ltr'><strong>Romani</strong></span> <span class='ocrx_word' id='word_1_216' title='bbox 1384 3672 1461 3738; x_wconf 91' lang='lat' dir='ltr'><strong>Pon·</strong></span> <span class='ocrx_word' id='word_1_217' title='bbox 1501 3673 1502 3764; x_wconf 67' lang='lat' dir='ltr'><strong>l</strong></span> 
     </span>
     <span class='ocr_line' id='line_1_33' title="bbox 349 3767 1502 3866; baseline -0.002 -19"><span class='ocrx_word' id='word_1_218' title='bbox 349 3781 466 3847; x_wconf 86' lang='lat' dir='ltr'><strong>tilices</strong></span> <span class='ocrx_word' id='word_1_219' title='bbox 483 3781 739 3847; x_wconf 86' lang='lat' dir='ltr'><strong>auctoritatem</strong></span> <span class='ocrx_word' id='word_1_220' title='bbox 755 3782 894 3864; x_wconf 86' lang='lat' dir='ltr'><strong>regiam</strong></span> <span class='ocrx_word' id='word_1_221' title='bbox 919 3799 964 3848; x_wconf 90' lang='lat' dir='ltr'><strong>ac</strong></span> <span class='ocrx_word' id='word_1_222' title='bbox 990 3783 1300 3866; x_wconf 89' lang='lat' dir='ltr'><strong>independentem</strong></span> <span class='ocrx_word' id='word_1_223' title='bbox 1318 3799 1396 3848; x_wconf 89' lang='lat' dir='ltr'><strong>cum</strong></span> <span class='ocrx_word' id='word_1_224' title='bbox 1410 3793 1460 3859; x_wconf 90' lang='lat' dir='ltr'><strong>po·</strong></span> <span class='ocrx_word' id='word_1_225' title='bbox 1501 3767 1502 3824; x_wconf 85' lang='lat' dir='ltr'><strong>l</strong></span> 
     </span>
     <span class='ocr_line' id='line_1_34' title="bbox 349 3883 1461 3973; baseline -0.009 -20"><span class='ocrx_word' id='word_1_226' title='bbox 349 3892 484 3953; x_wconf 86' lang='lat' dir='ltr'><strong>testate</strong></span> <span class='ocrx_word' id='word_1_227' title='bbox 517 3886 701 3970; x_wconf 89' lang='lat' dir='ltr'><strong>spirituali</strong></span> <span class='ocrx_word' id='word_1_228' title='bbox 719 3889 998 3970; x_wconf 84' lang='lat' dir='ltr'><strong>conjunxerunt.</strong></span> <span class='ocrx_word' id='word_1_229' title='bbox 1013 3888 1069 3954; x_wconf 84' lang='lat' dir='ltr'><strong>Ex</strong></span> <span class='ocrx_word' id='word_1_230' title='bbox 1082 3893 1171 3955; x_wconf 92' lang='lat' dir='ltr'><strong>tunc</strong></span> <span class='ocrx_word' id='word_1_231' title='bbox 1184 3888 1371 3973; x_wconf 86' lang='lat' dir='ltr'><strong>temporis,</strong></span> <span class='ocrx_word' id='word_1_232' title='bbox 1387 3883 1461 3949; x_wconf 88' lang='lat' dir='ltr'><strong>licet</strong></span> 
     </span>
    </p>
   </div>
   <div class='ocr_carea' id='block_1_3' title="bbox 348 3989 1460 4079">
    <p class='ocr_par' dir='ltr' id='par_1_5' title="bbox 348 3989 1460 4079">
     <span class='ocr_line' id='line_1_35' title="bbox 348 3989 1460 4079; baseline -0.006 -21"><span class='ocrx_word' id='word_1_233' title='bbox 348 4011 422 4058; x_wconf 91' lang='lat' dir='ltr'><strong>non</strong></span> <span class='ocrx_word' id='word_1_234' title='bbox 439 3993 517 4058; x_wconf 88' lang='lat' dir='ltr'><strong>sine</strong></span> <span class='ocrx_word' id='word_1_235' title='bbox 550 3993 692 4076; x_wconf 84' lang='lat' dir='ltr'><strong>magnis</strong></span> <span class='ocrx_word' id='word_1_236' title='bbox 716 4009 838 4060; x_wconf 90' lang='lat' dir='ltr'><strong>rerum</strong></span> <span class='ocrx_word' id='word_1_237' title='bbox 869 3995 1169 4063; x_wconf 85' lang='lat' dir='ltr'><strong>conversionibus</strong></span> <span class='ocrx_word' id='word_1_238' title='bbox 1201 3989 1460 4079; x_wconf 86' lang='lat' dir='ltr'><strong>insequentibus</strong></span> 
     </span>
    </p>
   </div>
   <div class='ocr_carea' id='block_1_4' title="bbox 420 4237 768 4306">
    <p class='ocr_par' dir='ltr' id='par_1_6' title="bbox 420 4237 768 4306">
     <span class='ocr_line' id='line_1_36' title="bbox 420 4237 768 4306; baseline 0.011 -16"><span class='ocrx_word' id='word_1_239' title='bbox 420 4237 458 4306; x_wconf 73' lang='lat' dir='ltr'><strong>(r)</strong></span> <span class='ocrx_word' id='word_1_240' title='bbox 492 4239 527 4292; x_wconf 86' lang='lat' dir='ltr'><strong>In</strong></span> <span class='ocrx_word' id='word_1_241' title='bbox 541 4239 768 4294; x_wconf 64' lang='lat' dir='ltr'><strong>vinnacensi.</strong></span> 
     </span>
    </p>
   </div>
   <div class='ocr_carea' id='block_1_5' title="bbox 0 0 1531 4994">
    <p class='ocr_par' dir='ltr' id='par_1_7' title="bbox 0 0 1531 4994">
     <span class='ocr_line' id='line_1_37' title="bbox 0 0 1531 4994; baseline 0 0"><span class='ocrx_word' id='word_1_242' title='bbox 0 0 1531 4994; x_wconf 95' lang='lat' dir='ltr'><strong> </strong></span> 
     </span>
    </p>
   </div>
  </div>
 </body>
</html>
