3028 4992
784 368 962 429 —300-

307 515 412 597 genis
442 513 528 579 novi
556 513 653 580 orbis
683 513 828 578 minime
856 519 975 578 ortum
1003 511 1130 576 habuit
1161 527 1208 574 ex
1235 508 1444 591 aequitatis
1509 489 1510 562 i

308 637 430 704 sensu,
449 621 513 686 sed
531 627 607 686 tota
624 621 753 686 fulcite
769 627 825 685 cst
842 620 879 685 in
895 626 997 701 nutu,
1014 618 1198 702 personali
1217 616 1447 699 acceptione

309 728 371 792 vel
403 727 551 809 partiali
579 727 715 808 jndicio
751 726 977 791 Summorum
1008 725 1222 790 Pontificum
1256 722 1445 805 quosdam

309 833 498 916 Principes
514 833 583 898 sibi
597 833 760 898 addictos
777 851 842 901 suo
860 833 990 896 favore
1006 835 1043 895 et
1061 831 1283 896 liberalitate
1309 845 1444 910 prose·
1509 875 1510 890 ,

309 941 512 1024 quentium.

401 1047 457 1110 Ad
474 1046 657 1127 triplicem
672 1045 767 1110 hanc
790 1046 1003 1126 injuriosam
1028 1044 1299 1110 accusationem
1318 1040 1444 1122 repel·

312 1152 470 1234 leudam,
490 1156 600 1234 atque
628 1153 869 1218 rectissimam
896 1153 1030 1218 Romae
1062 1151 1274 1216 Praesulum
1303 1147 1445 1230 agendi

313 1259 491 1322 rationem
516 1255 552 1322 in
581 1259 756 1323 exercitio
785 1259 935 1339 huJusce
950 1259 1043 1340 juris
1063 1257 1246 1336 tuendam,
1266 1263 1342 1318 tres
1361 1254 1443 1316 the·
1509 1251 1510 1342 f

312 1381 372 1428 ses
396 1364 636 1446 adstruemus,
655 1367 847 1446 exquibus
876 1367 1078 1431 meridiana
1102 1367 1184 1429 luce
1208 1361 1360 1446 patefiet
1376 1360 1445 1424 Su·
1509 1377 1510 1406 ³

314 1487 459 1552 premes
477 1471 665 1536 Ecclesiae
683 1472 919 1554 Hieremias,
934 1490 1015 1537 cum
1032 1477 1155 1536 aetate
1173 1469 1291 1534 medie
1306 1485 1443 1549 regna,
1509 1459 1510 1516 ἱ

313 1577 541 1658 principatus
558 1577 618 1642 vel
636 1595 752 1642 novas
770 1580 938 1660 regiones
967 1579 1168 1658 contulere,
1186 1593 1258 1641 non
1286 1575 1444 1653 abusive,
1509 1579 1510 1644 Q

314 1701 383 1747 nec
406 1687 543 1768 injuste,
563 1703 680 1766 neque
709 1687 898 1752 arbitraria
923 1688 1053 1768 egisse,
1073 1684 1138 1750 sed
1165 1683 1318 1770 lepitima
1338 1687 1444 1764 pote·
1509 1665 1510 1748 ἶ

313 1795 410 1854 state
439 1809 522 1854 usos
545 1809 638 1874 esse,
648 1795 739 1879 jara
756 1794 971 1876 populorum
999 1808 1183 1873 servasse,
1194 1791 1373 1878 justisque
1398 1787 1445 1851 de
1509 1801 1510 1846 l

315 1897 436 1960 causis
454 1899 688 1978 processisse.

407 2002 483 2066 177.
532 2004 625 2067 Ante
654 2006 774 2068 omnia
802 2006 924 2086 igitur,
944 2009 983 2068 ut
999 2005 1192 2068 Pontifices
1221 2001 1404 2066 Maximae
1423 2019 1445 2063 a
1509 1997 1510 2016 ³

316 2115 404 2174 nota
421 2111 554 2174 abusus
579 2127 643 2173 scu
661 2111 994 2174 extralimitationis
1011 2110 1139 2174 iisdem
1156 2111 1316 2190 impacta
1333 2107 1445 2189 plene

317 2215 555 2296 vindicemus,
575 2223 685 2299 atque
703 2218 755 2280 ita
778 2219 917 2282 cunctis
935 2219 1141 2282 innotescat
1168 2217 1267 2298 ipsos
1294 2231 1362 2296 pro
1380 2214 1444 2277 im-

317 2321 516 2402 pertiendis
530 2323 824 2386 concessionibus
838 2323 1014 2386 ditionum
1028 2322 1282 2403 temporalium
1298 2320 1359 2383 vel
1373 2327 1444 2382 ter·

316 2445 440 2492 rarum
457 2429 601 2492 noviter
618 2428 843 2494 detectorum
867 2431 1016 2512 propria
1032 2435 1068 2494 et
1084 2429 1249 2510 legitima
1262 2427 1445 2514 facultate

316 2551 398 2597 esse
423 2535 568 2616 potitos,
588 2542 799 2616 sequentem
818 2536 1128 2618 propugnabimus
1153 2535 1296 2598 thesim:
1316 2534 1443 2598 Roma·

316 2642 354 2704 ai
371 2641 552 2724 Pontifices
567 2642 716 2725 tepitime
744 2651 884 2726 eperunt
899 2663 1016 2726 vepna,
1036 2643 1217 2710 territoria
1234 2641 1287 2706 vel
1305 2640 1445 2705 titulum

318 2747 450 2830 rapiam
465 2747 688 2832 Principibus
705 2749 927 2812 concedendo.

408 2851 553 2916 Veritas
577 2853 682 2934 hujus
699 2856 911 2918 assertionis
923 2853 1299 2934 J'uridicobistoricae
1316 2853 1443 2916 claris·

318 2961 409 3024 sime
427 2965 539 3041 patet,
560 2977 641 3024 cnm
657 2962 830 3025 facillime
856 2963 1004 3043 probari
1030 2961 1147 3044 possit
1163 2959 1328 3026 Summos
1354 2961 1443 3024 Pon·
1509 2961 1510 3048 l

318 3067 468 3130 tilices
460 3084 496 3130 1n
514 3067 690 3148 praefatis
707 3069 1003 3156 concessionibus
1020 3067 1221 3150 largiendis
1246 3071 1325 3131 rect
1328 3085 1348 3130 o
1363 3068 1445 3147 jure
1509 3059 1510 3102 l

321 3191 404 3236 usos
429 3189 521 3235 esse:
537 3177 573 3234 et
590 3172 733 3253 quidem
753 3149 873 3254 quoad
891 3175 1086 3256 regionesJ
1072 3175 1150 3254 jam
1167 3177 1275 3237 notas
1293 3179 1445 3254 egerunt

319 3296 368 3342 ex
399 3283 580 3360 potestate
610 3278 826 3344 declarativa
855 3281 948 3360 J'uris
981 3281 1158 3343 naturalis
1189 3279 1250 3342 vel
1282 3279 1442 3361 positivi,
1509 3291 1510 3346 l

321 3401 464 3464 nempe,
483 3383 573 3446 illud
588 3383 878 3465 interpretando,
898 3385 1095 3450 sanciendo
1125 3403 1191 3450 seu
1209 3384 1443 3466 applicanda

320 3489 443 3571 quoad
459 3507 547 3554 vero
566 3497 683 3552 terras
701 3488 745 3552 tle
764 3507 859 3554 novo
885 3490 1048 3555 detectas
1063 3493 1125 3556 vel
1143 3491 1369 3573 detegendas
1385 3489 1443 3554 du·
1509 3499 1510 3526 ¹

323 3594 409 3674 plici
427 3601 608 3674 potestate
631 3595 701 3658 nisi
725 3601 821 3674 sunt,
842 3601 916 3660 turn
941 3598 1159 3662 declarativa
1173 3598 1267 3680 juris
1293 3605 1444 3663 naturae
1509 3585 1510 3644 l

321 3705 359 3762 et
383 3700 556 3781 gentium,
575 3701 653 3780 eJus
670 3701 875 3764 firmissima
900 3703 1083 3785 principia
1107 3705 1371 3786 confirmando,
1390 3720 1444 3767 ur·

321 3804 441 3887 gendo
459 3823 502 3868 ac
518 3806 748 3888 explicando,
770 3813 844 3871 tum
869 3809 979 3873 etiam
1002 3811 1233 3894 pabervativa
1260 3808 1445 3875 societatis
1509 3815 1510 3906 J

320 3911 557 3992 christianae,
575 3911 780 3976 Ecclesiam
798 3916 1037 3997 propagando
1057 3923 1094 3980 et
1111 3933 1178 3998 pro
1195 3919 1252 3982 sui
1270 3917 1444 3982 defensio·

320 4035 369 4081 ne
397 4019 583 4100 Principes
600 4019 724 4083 fideles
753 4019 976 4100 designando
994 4039 1059 4088 seu
1089 4024 1273 4108 eligendo,
1293 4025 1354 4108 qni
1370 4024 1444 4106 ejus
1509 4013 1510 4094 l

323 4125 567 4204 apostolatum
584 4126 676 4190 tueri
693 4126 846 4207 possint.

415 4229 490 4294 178.
537 4230 664 4295 Relate
681 4232 728 4295 ad
745 4233 914 4316 antiquas
931 4234 1086 4300 ditiones
1115 4240 1153 4300 ct
1169 4238 1357 4302 territoria
1370 4239 1443 4320 J'am
