3038 4994
539 353 718 412 -195-

89 513 171 578 nem,
187 497 362 562 sustinere
390 496 532 579 cogitur
549 496 680 562 Aulam
709 499 746 563 et
776 496 968 562 Familiam
996 499 1085 564 satis
1118 516 1191 564 ma-

21 671 22 686 ,
88 621 182 685 gnam
199 609 234 668 et
248 603 431 685 decoram,
450 609 489 667 ut
513 603 618 668 modo
650 621 716 668 suo
747 604 893 668 excelso
911 605 1042 686 gradui
1058 623 1190 672 conve-

21 687 23 708 *
88 710 195 774 niente
211 710 424 792 populorum
441 709 555 774 oculis
586 709 722 792 exponi
749 713 872 792 queat;
890 710 1068 794 siquidem
1084 711 1191 777 homo

21 841 22 850 ¹
88 816 137 896 qui
151 816 328 880 sensibilis
347 819 415 896 est,
433 815 528 880 inter
541 816 729 880 sensibilia
745 821 928 898 versatur,
947 823 984 882 et
1000 835 1066 900 per
1078 819 1190 882 sensi-

87 921 161 985 bilia
171 920 322 1003 judieat,
341 921 450 986 rebus
464 922 727 1004 materialibus,
744 923 843 987 cultu
863 922 1021 1005 quodam
1038 929 1190 988 externo

85 1031 115 1090 et
128 1033 301 1109 apparatu
319 1027 484 1092 sensibili
502 1031 613 1110 atque
646 1033 800 1110 augusto
817 1028 956 1112 indiget
973 1029 1020 1094 ad
1036 1030 1189 1112 dignita·

21 1183 23 1222 ζ
87 1139 129 1196 tas
144 1133 311 1198 sublimes
327 1151 394 1197 sua
410 1133 675 1198 reuerentia'et
701 1135 874 1218 obsequio
903 1135 1188 1220 prosequendas:

21 1227 23 1234 ’
84 1237 127 1301 3.⁰
151 1252 300 1322 propter
329 1241 584 1306 multitudinem
614 1242 839 1326 nepoliorum3
869 1239 1005 1306 Summi
1034 1261 1190 1325 namque

21 1387 22 1428 3
86 1343 274 1427 Pontifices,
293 1345 423 1429 quibus
441 1364 529 1412 cura
546 1350 583 1410 et
596 1347 802 1412 sollicitudo
826 1348 936 1414 totius
963 1351 1085 1431 gregis
1099 1350 1190 1414 chri-

21 1527 23 1550 ?
85 1452 179 1517 atiani
190 1454 274 1534 jure
287 1453 412 1518 divino
443 1452 663 1518 demandata
680 1457 748 1535 est,
768 1453 922 1536 plurima
946 1451 1088 1535 Officia,
1115 1455 1190 1520 Tri·

86 1556 217 1622 bunalia
233 1562 270 1624 et
283 1557 595 1640 congregationes
624 1559 760 1624 Romae
787 1559 923 1624 habere
942 1567 1122 1640 tenentur,
1152 1565 1191 1628 ut

21 1749 22 1760 ἵ
87 1681 183 1746 prope
199 1665 399 1729 innumeris
413 1665 568 1746 negotiis
586 1682 632 1730 ex
657 1666 828 1730 universo
846 1666 934 1730 orbe
951 1667 1130 1732 catholico
1145 1665 1191 1732 ad

21 1761 23 1798 ³
86 1770 167 1851 ipsos
182 1771 313 1836 delatis
331 1771 563 1854 provideant,
582 1771 692 1836 dubia
719 1783 756 1836 et
784 1775 1054 1838 controversias
1073 1775 1190 1840 ubivis

86 1877 228 1958 gentium
243 1891 392 1942 exortas
405 1877 564 1958 solvant,
595 1877 679 1942 fidei
707 1879 1010 1961 propagationem
1029 1898 1072 1944 ac
1087 1899 1191 1962 prae·

86 1985 329 2050 sicutissimum
346 1985 555 2049 Missionum
573 2002 663 2067 opus
682 1992 935 2069 promoveant,
955 2003 1098 2050 necnon
1111 2005 1190 2069 spe-

86 2093 273 2158 cialissimis
306 2093 585 2158 necessitatibus
625 2093 874 2157 Ecclesiarum
914 2092 1191 2173 particularium

86 2202 253 2283 tamquam
270 2200 441 2264 Pastores
458 2199 687 2264 universales
701 2199 931 2264 subveniant.

21 2293 23 2312 ’
156 2306 237 2371 Jam
254 2323 345 2370 vero
360 2307 489 2388 cuique
502 2310 605 2388 patet
621 2322 687 2387 pro
704 2308 759 2370 tot
772 2306 1051 2370 necessitatibus
1067 2323 1191 2370 occur·

21 2465 23 2498 ,
87 2413 189 2478 randis
206 2421 357 2496 tamque
388 2413 590 2478 numerosis
609 2413 778 2495 expensis
792 2412 1037 2478 sustentandis
1055 2413 1193 2495 requiri

87 2520 186 2584 media
218 2519 453 2602 temporalia,
480 2523 517 2583 et
549 2519 692 2602 quidem
710 2519 1006 2600 cumulatissime,
1037 2519 1192 2601 ideoque

21 2623 23 2648 ¹
86 2629 202 2706 optimo
223 2627 310 2710 jure
341 2626 545 2690 oblationes
575 2629 612 2690 et
643 2625 803 2690 subsidia
835 2625 995 2689 Romano
1027 2625 1193 2690 Pontifici

87 2747 150 2797 erse
164 2731 422 2816 impertienda,
449 2733 510 2814 qui
527 2733 670 2796 ratione
687 2731 867 2796 Primatus
884 2731 1058 2796 divinitus
1076 2730 1194 2796 eidem

21 2859 22 2862 ¹
87 2839 192 2904 collati
225 2839 386 2904 omnium
414 2837 663 2902 Ecclesiarum
687 2855 812 2904 curam
844 2841 882 2902 et
912 2838 1193 2903 sollicitudinem

88 2947 174 3028 gerit,
192 2955 305 3029 atque
332 2945 493 3010 maxima
524 2962 637 3008 onera
669 2956 706 3009 et
733 2948 896 3026 sumptus
925 2945 1104 3010 sustinere
1133 2945 1192 3010 ob·

89 3052 275 3136 stringitur.

159 3160 234 3224 112.
283 3156 396 3222 Nobis
427 3157 606 3239 reliquum
636 3163 691 3220 est
722 3174 788 3239 pro
821 3157 1054 3221 conclusione
1086 3156 1191 3237 hujus

86 3265 199 3345 capitis
216 3264 412 3330 ostendere
428 3263 643 3344 Ecclesiam,
662 3264 756 3328 sicut
782 3264 841 3345 jus
858 3262 969 3327 habet
996 3261 1192 3328 dominium

88 3371 198 3437 stabile
216 3371 444 3454 acquirendi,
463 3371 516 3434 ita
534 3370 645 3434 etiam
661 3371 839 3434 facultate
866 3369 977 3451 potiri
1007 3368 1193 3433 obtinendi

84 3473 352 3558 iurisdictiones,
367 3477 445 3541 sive
459 3493 661 3558 supremas,
681 3476 760 3540 sive
777 3474 1044 3540 subordinatas.

160 3585 312 3650 Nomine
325 3582 590 3665 jurisdictionis
607 3583 644 3646 in
673 3582 859 3665 praesenti
883 3582 1038 3646 materia
1061 3581 1192 3646 intelli-

88 3687 168 3766 gitur
181 3689 382 3754 auctoritas
400 3689 519 3752 civilis
536 3705 600 3752 scu
625 3692 787 3770 potestas
805 3687 955 3769 politica
972 3687 1010 3751 in
1026 3687 1192 3752 determi-

88 3801 159 3858 nato
175 3795 374 3876 territorio;
393 3795 550 3877 fatemur
573 3795 740 3877 equidem
770 3798 807 3858 et
835 3795 929 3859 ultro
947 3795 1191 3860 concedimus:

90 3897 130 3961 1.⁰
141 3903 196 3982 jus
213 3901 428 3987 acquirendi
452 3901 611 3966 dominia
635 3907 746 3984 atque
759 3901 819 3982 jus
837 3901 1073 3984 comparandi
1089 3900 1193 3983 juris·

87 4001 248 4076 dictiones
278 4007 521 4074 discriminari
552 4009 590 4072 in
619 4024 662 4072 eo
696 4006 792 4090 quod
824 4007 1016 4089 acquisitio
1045 4005 1194 4070 dominii

21 4109 22 4158 ἲ
89 4117 280 4181 neccssaria
295 4114 510 4181 normaliter
527 4118 720 4178 censeatur
737 4131 803 4196 pro
821 4113 987 4178 omnibus
1004 4113 1192 4195 Ecclesiis,

21 4199 22 4210 ’
88 4222 285 4287 exercitium
301 4239 392 4287 vero
406 4221 669 4303 jurisdictionis
686 4220 723 4284 in
750 4237 858 4286 sensu
886 4235 1002 4301 nuper
1026 4219 1194 4302 exposito
