3062 4994
792 348 996 406 -158-‘

321 487 523 555 Generales
539 489 747 556 immediate
763 489 948 574 pendeant
964 509 986 555 a
1002 506 1172 574 suprema
1188 505 1254 552 sua
1281 485 1448 552 auctori-

320 598 410 662 tate.
938 621 943 630 ·

409 701 430 766 J
435 721 474 768 us
490 701 715 768 Pontificium
732 703 915 768 eximendi
932 703 1031 770 viros
1065 703 1255 785 religiosos
1272 700 1318 764 ab
1337 697 1452 764 Ordi-

319 809 506 874 nariorum
532 809 785 889 jurisdictione
817 811 881 874 vix
927 809 1239 876 demonstratione
1288 805 1448 886 indiget,

320 913 612 998 quandoquidem
630 915 896 980 indeclinabilis
915 916 1064 998 sequela
1081 921 1119 980 et
1140 913 1340 996 legitimum
1357 927 1450 975 con-

320 1021 516 1086 sectarium
534 1027 589 1086 est
605 1023 796 1104 potestatis
814 1023 958 1104 plenae,
975 1037 1168 1104 supremae
1192 1027 1302 1102 atque
1318 1017 1450 1082 imme-

321 1126 455 1208 diatae,
475 1129 600 1209 quain
618 1146 741 1192 omnes
759 1126 893 1193 Christi
906 1128 1031 1194 fideles
1050 1127 1192 1212 pollent
1203 1125 1448 1190 Successores

320 1234 419 1298 Petri
437 1235 474 1299 vi
486 1235 666 1300 Primatus
683 1235 857 1300 divinitus
870 1236 1036 1316 instituti;
1053 1235 1221 1318 quamvis
1247 1233 1342 1298 enim
1360 1249 1449 1314 gra-

320 1341 387 1406 dus
404 1343 622 1424 episcopalis
640 1361 686 1406 ex
703 1343 771 1406 Dei
799 1343 1035 1424 dispositione
1053 1342 1271 1406 constitutus
1304 1341 1364 1420 sit,
1403 1347 1447 1401 ut

320 1447 491 1514 Pastores
518 1451 667 1516 secundi
685 1449 821 1516 ordinis
839 1448 1087 1532 dependenter
1119 1467 1141 1512 a
1169 1447 1344 1530 Supremo
1376 1443 1449 1509 Pa·

320 1559 419 1618 store
436 1554 645 1618 immediata
663 1556 772 1620 etiam
783 1555 1002 1618 anctoritate
1018 1555 1227 1620 fruerentur
1242 1553 1280 1616 in
1296 1556 1448 1635 partem

320 1661 442 1741 gregis
460 1661 529 1724 sibi
546 1664 784 1742 commissam,
798 1661 883 1744 quia
901 1661 1044 1743 penitus
1060 1661 1284 1743 impossibile
1298 1663 1379 1723 erat
1398 1657 1451 1721 ob

320 1765 509 1830 Ecclesiae
526 1767 839 1832 universalitatem
857 1767 1001 1832 unicum
1032 1767 1245 1832 Pontificem
1260 1783 1325 1830 seu
1358 1763 1450 1845 Epi-

319 1887 468 1952 scopum
483 1871 690 1937 immediate
719 1890 847 1955 regere
876 1877 1045 1938 cunctum
1072 1874 1247 1956 populum
1276 1871 1450 1936 christia-

320 1993 418 2058 num,
437 1981 598 2042 attamen
612 1980 811 2044 auctoritas
824 1978 1088 2062 Episcoporum
1101 1979 1201 2042 nullo
1215 1981 1322 2060 pacto
1338 1991 1451 2058 prae·

320 2083 459 2166 pedire,
476 2084 658 2148 moderari
675 2090 737 2148 aut
754 2086 977 2168 restringere
996 2089 1115 2167 potest
1141 2087 1202 2166 J'us
1233 2099 1454 2166 supremum

320 2199 357 2254 et
374 2189 595 2255 ordinarium
612 2191 854 2256 Romanorum
869 2193 1094 2274 Pontificum,
1110 2193 1213 2274 cujus
1227 2191 1453 2256 exercitium

270 2355 274 2364 .
320 2315 387 2378 pro
417 2297 572 2362 diversis
601 2301 815 2379 temporum,
835 2315 955 2363 rerum
973 2303 1010 2362 et
1025 2299 1286 2364 necessitatum
1316 2295 1452 2376 adjun-

321 2405 388 2468 ctis
407 2423 429 2466 a
455 2422 522 2467 sua
549 2404 738 2468 voluntate
766 2411 803 2468 et
823 2406 960 2487 judicio
988 2405 1133 2470 omnino
1166 2404 1313 2487 pendet.
1348 2402 1454 2466 Hinc

320 2509 553 2573 Pontificibus
571 2509 738 2574 Maximis
755 2528 898 2593 semper
915 2511 1011 2576 inest
1035 2512 1185 2594 propria
1201 2518 1238 2576 et
1253 2511 1455 2574 exclusiva

320 2615 477 2679 facultas
521 2617 783 2698 exemptiones,
814 2635 886 2700 qua
917 2627 1143 2700 opportunas
1179 2619 1452 2700 judicaverint,

321 2719 544 2784 concedendi
568 2737 639 2785 non
656 2722 770 2786 solum
802 2720 995 2788 Ordinibus
1028 2725 1282 2807 RegularibuS,
1314 2742 1455 2788 verum

320 2825 430 2888 etiam
449 2825 625 2907 Capitulis
643 2835 706 2892 aut
723 2830 804 2894 aliis
822 2830 995 2896 Ecclesiis
1012 2833 1073 2898 vel
1086 2833 1266 2915 personis.

409 2931 464 2994 91.
512 2930 583 2996 Sed
595 2950 675 2998 oum
689 2937 915 3016 organizntio
929 2940 1041 3004 micio
1055 2939 1309 3020 religiosorum
1325 2939 1362 3004 in
1384 2956 1453 3021 po·
1523 2923 1524 2951 ¹

320 3041 453 3102 testate
470 3036 711 3102 Romanorum
730 3039 943 3106 Pontificum
965 3043 1213 3108 immunitates
1232 3061 1276 3108 ac
1293 3043 1454 3127 privile-

320 3143 381 3224 gia
413 3142 615 3224 elargiendi
631 3147 707 3208 tota
724 3146 908 3230 fulciatur,
926 3166 992 3231 pro
1007 3150 1076 3216 hac
1093 3152 1294 3217 asserenda
1308 3159 1346 3217 et
1362 3154 1452 3218 vin·

321 3247 477 3312 dicanda
509 3249 693 3331 nonnihil,
717 3251 784 3314 etsi
816 3253 957 3337 leviter,
990 3255 1182 3322 dicendum
1209 3263 1265 3322 est
1294 3257 1340 3323 de
1361 3261 1456 3340 jnre
1522 3333 1523 3338 ἵ

321 3353 544 3420 concedendi
561 3356 823 3438 exemptiones:
843 3361 1039 3442 etquidem
1057 3363 1138 3429 sive
1154 3367 1248 3430 ratio
1277 3367 1455 3430 consula·
1522 3385 1523 3439 ι

320 3463 390 3538 tur,
406 3460 484 3522 sive
499 3462 643 3526 traditio
661 3463 883 3529 christianae
900 3467 1130 3550 antiquitatis
1147 3476 1345 3554 scrutetur,
1365 3474 1456 3538 sive

321 3563 462 3626 demum
481 3561 724 3632 Oonciliorum
740 3569 875 3636 decreto
894 3578 1120 3656 spectentur,
1140 3577 1346 3642 meridiana
1362 3579 1456 3644 luce

321 3672 422 3749 patet
434 3669 593 3734 Romano
606 3671 771 3738 Pontifici
786 3693 866 3742 esse
876 3677 1156 3747 adscribendum
1168 3684 1229 3764 jus
1244 3687 1456 3767 exemptio-

320 3773 747 3860 numconcsdondarum,
777 3781 1015 3850 exhodierna
1048 3786 1245 3872 disciplina
1262 3791 1334 3874 ipsi
1367 3795 1458 3858 tan·

321 3883 395 3942 tum
409 3883 648 3944 reservatum.
705 3921 708 3930 ι

410 3983 526 4048 Ratio.
571 3983 614 4050 In
626 3985 770 4054 dubium
785 3995 911 4059 vocari
926 3997 1064 4081 nequit,
1083 4001 1172 4082 quin
1189 4003 1279 4068 ordo
1296 4003 1458 4087 Episco-

321 4085 416 4168 pelis
430 4085 600 4152 divinitus
613 4089 660 4154 sit
671 4092 868 4180 institutus,
886 4101 978 4183 sive,
994 4108 1033 4168 ut
1045 4105 1097 4170 ait
1115 4109 1316 4190 Apostolus
1342 4111 1382 4176 in
1401 4113 1459 4177 lo·

321 4207 364 4254 co
381 4192 519 4256 centies
534 4193 693 4280 laudato,
712 4199 877 4291 Episcopi
888 4209 998 4290 positi
1025 4213 1098 4278 sint
1114 4235 1137 4279 a
1151 4213 1294 4300 Spiritu
1317 4215 1457 4286 Sancto
1520 4265 1521 4270 κ
