3062 4994
781 377 959 436 -106..

306 523 344 584 et
360 519 683 584 contravenientes
700 519 835 602 optimo
851 521 934 602 jure
966 519 1163 602 puniendo;
1194 521 1436 604 quamobrem

307 625 434 688 sedulo
453 626 652 690 curandum
671 633 726 692 est
741 643 788 692 ne
803 626 912 692 nolae
927 627 1133 708 importune
1149 627 1365 707 tinniantur,
1385 627 1435 690 si·

306 749 354 796 ve
372 732 491 814 quoad
505 732 634 798 horam
649 733 754 798 nimis
771 733 1078 816 intempestivam,
1106 734 1185 798 sive
1197 734 1319 816 quoad
1344 739 1439 798 tem·

306 840 408 920 poris
424 839 715 922 productionem3
734 839 803 904 hoc
815 840 910 904 enim
927 858 999 904 non
1015 841 1132 904 solum
1150 840 1330 922 aliquibus
1360 840 1436 922 pri·

306 946 419 1027 vatis,
439 947 690 1010 verumetiam
707 947 777 1028 ipsi
794 947 1044 1010 communitati
1062 947 1253 1012 molestum
1282 953 1319 1010 et
1347 963 1439 1010 one·

306 1069 430 1116 rosum
453 1069 534 1118 esse
552 1059 683 1134 potest.
714 1053 816 1118 Haec
844 1053 1138 1136 praemonuimus
1167 1054 1213 1118 ad
1241 1053 1438 1118 vitandam

306 1159 535 1240 frequentem
552 1161 858 1225 interventionem
873 1161 932 1224 vel
951 1161 1070 1242 potius
1087 1161 1316 1243 illegitimam
1329 1161 1437 1224 inva-

307 1265 445 1330 sionem
463 1267 583 1331 civilis
600 1267 841 1348 auctoritatis,
857 1285 951 1350 quae
969 1268 1163 1332 occasione
1179 1267 1318 1332 sonitus
1335 1283 1437 1330 cam·

306 1389 486 1454 panarum
504 1379 540 1436 et
558 1375 747 1438 molestiae
765 1374 895 1438 vicinis
912 1374 1050 1456 illatae,
1069 1391 1135 1456 per
1153 1381 1291 1438 statuta
1319 1373 1438 1438 muni·

309 1480 445 1564 cipalia
467 1489 504 1544 et
530 1479 727 1563 aliquando
757 1497 823 1562 per
850 1479 951 1562 leges
976 1481 1142 1564 publicas
1174 1498 1300 1546 earum
1330 1498 1437 1545 usum

310 1587 459 1670 proprio
474 1594 590 1650 marte
604 1587 827 1668 restringere
839 1586 968 1650 solent.

399 1691 502 1772 Quod
519 1691 675 1774 denique
691 1675 738 1756 ad
762 1713 885 1778 precer
900 1692 1072 1774 pertinet,
1091 1691 1281 1758 Ecclesiae
1297 1697 1355 1758 est
1372 1709 1436 1756 ex·

310 1800 487 1864 clusivum
503 1800 562 1880 jus
581 1801 866 1881 obsecrationes,
885 1799 1094 1882 rogationes
1119 1805 1157 1864 et
1181 1801 1384 1882 gratiarum
1400 1819 1437 1864 a·

311 1907 451 1972 ctiones
468 1908 758 1990 praescribendi.
776 1907 871 1972 Hinc
901 1925 1050 1989 prorsus
1068 1905 1227 1987 iniustae
1239 1911 1277 1970 et
1303 1913 1438 1988 aperte

310 2014 476 2079 laesivae
494 2014 745 2078 aestimandae
762 2023 846 2080 sunt
869 2013 1179 2096 praescriptiones
1204 2012 1440 2076 auctoritatis

312 2120 446 2200 civilis,
465 2121 495 2184 si
514 2121 672 2202 quando,
692 2120 898 2184 inconsulta
925 2123 1108 2202 potestate
1125 2117 1307 2200 spirituali
1324 2133 1370 2180 ac
1386 2116 1438 2180 le·

309 2227 449 2308 gitima,
483 2225 553 2290 sibi
579 2231 728 2307 arroget
755 2225 815 2306 jus
844 2223 1095 2306 praecipiendi
1125 2235 1272 2288 cautum
1298 2221 1440 2302 Hymni

310 2331 542 2396 Ambrosiani
560 2333 619 2396 vel
634 2332 809 2396 collectas
837 2333 874 2394 in
907 2330 1018 2396 Missa
1044 2329 1218 2410 faciendi,
1247 2329 1308 2394 vel
1341 2329 1440 2393 alias

310 2455 558 2520 quascumque
577 2455 705 2518 preces
722 2437 917 2516 indicendi;
937 2436 1071 2500 etenim
1101 2436 1147 2502 de
1180 2436 1224 2500 iis
1253 2436 1438 2516 omnious,
1527 2439 1528 2454 ¹

310 2563 404 2626 quae
421 2563 501 2608 cum
519 2563 628 2608 sacra
646 2545 795 2626 liturgia
812 2548 849 2608 et
865 2543 1127 2608 ecclesiasticis
1161 2542 1291 2608 ciliciis
1308 2543 1441 2606 intimo

307 2653 418 2731 atque
436 2651 640 2714 arctissimo
659 2649 805 2714 viuculo
834 2655 1112 2730 connectuntur,
1135 2648 1305 2730 judicare
1322 2658 1360 2712 et
1378 2647 1440 2712 de·

308 2773 461 2820 cernere
477 2756 524 2820 ad
541 2757 750 2836 religiosam
768 2756 1025 2820 auctoritatem
1037 2754 1262 2820 solummodo
1279 2759 1440 2838 spectat.

700 3051 963 3119 ARTICULUS
980 3053 1042 3118 1v.

748 3229 994 3296 snuulnmu.

319 3403 362 3457 b'l.
381 3404 586 3458 Adaoeiotionra
605 3401 761 3458 Piae-58.
782 3405 911 3468 Quanam
931 3406 1066 3458 facultate
1090 3401 1199 3471 polleat
1219 3405 1347 3458 Erotem
1374 3419 1446 3471 erga

390 3480 542 3528 societates
550 3477 704 3543 piae-os.
725 3477 862 3538 Quisnam
876 3479 993 3540 collegia
1007 3491 1058 3528 seu
1071 3491 1208 3542 personas
1220 3475 1342 3543 fictitios
1361 3477 1445 3528 insti-

389 3551 469 3597 tuere
489 3547 607 3611 possit-
627 3549 666 3598 60.
702 3547 793 3614 Opera
816 3543 956 3600 Pia—ol.
974 3547 1121 3608 Quaenam
1144 3553 1273 3613 potestas
1294 3547 1446 3600 Ecclesiae
1523 3591 1524 3594 ,

389 3629 413 3666 cr
425 3625 534 3680 mpetat
547 3618 576 3668 in
590 3619 732 3682 ejusmodi
744 3622 925 3684 operas-tl
955 3617 1030 3679 Quid
1040 3618 1077 3670 de
1087 3617 1270 3672 institutione
1281 3618 1322 3685 pii
1344 3619 1446 3684 operis

389 3691 464 3752 apud
479 3687 632 3739 catholicos
645 3690 708 3754 jure
720 3690 843 3742 naturali
856 3689 1037 3741 sentiendum
1050 3690 1177 3742 sit—ue.
1196 3687 1346 3752 Quaenam
1368 3690 1446 3756 juris

387 3757 503 3824 positivi
517 3760 755 3825 praescriptiones
767 3759 915 3826 hacsuper
926 3777 956 3811 re
965 3759 1133 3812 habeantur.

395 3925 451 3988 57.
500 3885 778 3992 Adsociationes
795 3930 881 3994 Piae
901 3933 1169 4012 nuncupantur:
1194 3931 1279 3996 illoc
1302 3953 1445 4018 conpre-

311 4031 467 4115 patioaes
483 4029 660 4096 Ecclesiae
688 4033 919 4120 homopeaeoe,
934 4057 1020 4120 quos
1041 4055 1109 4122 pro
1126 4036 1244 4121 aliquo
1267 4057 1373 4124 acopo
1390 4059 1444 4104 re-

314 4135 438 4220 lipioso
455 4137 636 4202 obtinendo
650 4139 830 4206 institutae
844 4149 936 4222 suat,
953 4141 1035 4224 quia
1052 4149 1166 4209 tomen
1183 4143 1322 4210 maculo
1349 4151 1444 4212 octo·

309 4260 388 4306 rum
400 4243 670 4326 obstriapoatur.
