3096 4986
545 359 700 418 ...47-

152 500 196 566 Et
207 502 355 586 quidem
371 509 511 566 rectum
529 503 744 568 exercitium
757 507 793 567 et
806 503 990 586 legitimus
1007 522 1092 568 usus
1125 503 1190 568 hu·

78 609 125 688 jus
140 608 456 674 extraordinariae
473 617 583 691 atque
610 610 877 692 exceptionalis
907 611 1095 674 facultatis
1123 629 1190 692 pro

82 733 112 778 se
124 716 226 782 habet
242 723 430 782 recentem
448 721 484 780 et
496 717 744 782 authenticam
769 716 930 782 Sanctae
950 719 1052 782 Sedis
1071 718 1191 782 decla·

81 823 252 904 rationem3
273 841 353 888 oum
383 824 479 888 enim
497 823 619 905 plures
647 823 859 904 Presbyteri
879 824 1055 904 initalia,
1083 829 1192 905 prout

82 933 216 992 testatur
231 929 311 1010 ipse
324 927 430 994 Felix
448 927 630 1010 Oai'agnis
647 930 684 993 in
697 929 891 994 Pontificio
906 928 1109 994 Seminario
1122 929 1190 994 Ro·
1224 922 1227 926 ’

83 1050 170 1097 mano
188 1033 423 1113 Antecessor,
443 1035 574 1098 litteris
592 1033 714 1100 Caroli
730 1035 927 1116 Passaglia
943 1036 989 1099 ad
1006 1034 1191 1100 Summum

83 1137 274 1206 Pontificem
287 1142 436 1205 directis
453 1141 769 1224 subscripsissent,
785 1142 822 1205 in
837 1143 967 1223 quibus
980 1143 1113 1206 effreni
1129 1159 1190 1206 au-

83 1243 171 1310 dacia
186 1253 222 1310 et
236 1247 402 1311 inaudita
415 1249 657 1312 irreverentia
675 1246 809 1312 Christi
826 1248 972 1312 Vicario
988 1255 1024 1312 et
1036 1249 1076 1313 B.
1091 1249 1191 1314 Petri

83 1349 271 1418 Successori
287 1355 521 1434 suadebatur,
537 1359 576 1418 ut
588 1353 818 1436 Principatui
833 1355 934 1418 civili
950 1357 1187 1436 renuntiaret.

23 1541 24 1548 ἵ
85 1465 176 1542 atquc
207 1461 275 1525 hac
292 1461 514 1543 nequissima
531 1461 662 1542 agendi
683 1464 827 1525 ratione
842 1461 921 1543 ipso
938 1461 1037 1524 facto
1054 1463 1091 1525 in
1107 1479 1188 1526 cen·

85 1582 170 1630 suras
183 1567 249 1633 aS.
268 1568 330 1632 Pio
349 1567 379 1630 V
397 1568 435 1631 in
452 1565 719 1632 Constitutione
750 1565 920 1632 Admonet
937 1589 998 1633 aas
1015 1569 1109 1632 latas
1137 1569 1188 1632 in·

86 1675 273 1756 currissent,
306 1673 492 1756 Episcopi,
526 1691 571 1738 ne
599 1678 739 1738 tantum
770 1673 941 1738 delictum
971 1676 1188 1756 impunitum

86 1787 238 1862 maneret,
264 1781 319 1845 sui
337 1781 495 1845 muneris
512 1797 592 1844 esse
611 1780 794 1844 duxerunt
813 1787 942 1844 contra
970 1783 1189 1848 ecclesiasti-

23 1905 24 1932 ÷
85 1902 135 1948 cos
146 1886 390 1970 delinquentes
408 1887 620 1968 procedere;
636 1886 710 1968 sed,
728 1889 907 1970 spectatis
924 1905 1046 1953 rerum
1063 1889 1189 1972 adjun-

87 1991 141 2054 ctis
155 1999 188 2055 at
202 1994 434 2075 legislatione
453 1999 537 2058 tunc
554 1995 728 2075 temporis
745 1994 907 2058 initalia
927 1997 1079 2077 vigenti,
1108 2015 1190 2078 gra·
1289 2081 1292 2088 1

23 2139 25 2152 ,
87 2097 315 2164 liaconflictus
332 2100 392 2163 vel
411 2117 548 2181 poenas
566 2101 694 2164 civiles
712 2100 937 2180 declinandi,
969 2106 1189 2166 memoratos

23 2197 24 2200 ’
87 2199 300 2285 Presbyteros
316 2227 360 2270 eor
376 2207 566 2291 informata
592 2207 801 2271 conscientia
818 2207 1103 2288 suspenderunt.
1131 2207 1187 2271 In·

88 2303 250 2392 terrogata
267 2315 387 2375 autem
404 2329 498 2375 anno
513 2311 599 2375 1863
615 2309 750 2376 Sancta
767 2311 864 2377 Sede
882 2330 929 2376 an
949 2313 1074 2376 valida
1090 2313 1189 2378 ideo·

88 2429 144 2492 que
158 2417 359 2482 stistinenda
372 2423 468 2482 esset
484 2417 575 2481 haec
593 2419 801 2500 suspensio,
820 2436 1036 2502 responsum
1053 2423 1110 2481 est
1138 2421 1189 2484 af·

23 2577 24 2582 ,
89 2517 255 2604 firmative,
270 2525 338 2588 etsi
350 2523 394 2588 de
409 2523 541 2590 delicto
559 2525 704 2608 publico
723 2533 911 2608 ageretur3
933 2545 1027 2610 quae
1045 2525 1190 2608 quidem

23 2663 25 2672 κ
90 2623 263 2695 declaratio
294 2632 573 2713 intelligentiam
614 2632 817 2696 Tridentini
853 2633 1005 2698 Decreti
1037 2634 1187 2716 detegit,

23 2793 24 2820 ἶ
93 2733 217 2818 ejusque
228 2756 372 2804 sensum
386 2739 432 2802 ad
449 2739 662 2804 facultatem
681 2740 975 2821 exceptionalem
1005 2760 1071 2824 pro
1101 2759 1190 2806 casu

23 2869 25 2904 ;
90 2845 352 2910 extraordinario
371 2845 481 2910 etiam
498 2845 643 2928 publico
661 2845 836 2910 extendit.

456 3177 719 3245 ARTIOULUS
745 3181 789 3246 V.

23 3349 27 3510 i
497 3375 746 3441 Suunaaruu.

23 3545 24 3554 ³
92 3549 125 3600 25.
139 3548 247 3611 Quartus
265 3551 373 3606 abusus
387 3550 531 3605 adversus
551 3553 695 3605 Ecclesiae
715 3551 976 3620 independentiam:
996 3548 1113 3604 Violatio
1136 3548 1189 3603 lm-

23 3629 24 3632 ’
146 3623 276 3678 munitatis
297 3623 592 3676 Quantae-ac.
611 3624 697 3676 Notio
708 3629 793 3690 atque
806 3625 909 3675 divisio
923 3623 1190 3675 Immunitatum.-

147 3695 182 3745 27.
199 3695 338 3764 Principia
357 3700 434 3747 certa
457 3696 511 3747 hac
532 3710 616 3764 super
638 3698 757 3747 re.-28.
776 3695 934 3760 opiniones
956 3694 1030 3746 circa
1048 3695 1188 3760 originem

143 3761 279 3828 juridicam
299 3767 610 3819 immunitatum—29.
631 3764 774 3818 Resutatio
795 3765 955 3818 sententiae
978 3771 1123 3818 extremae
1137 3765 1189 3815 Re-

145 3836 299 3898 garnerum
312 3838 451 3904 originem
466 3836 570 3890 dalem
580 3837 831 3904 propugnantium.

160 4013 209 4079 25.
260 4013 395 4082 Omnes
412 4017 513 4080 certe
528 4017 662 4079 norunt
680 4017 716 4078 et
727 4015 884 4095 ingenue
897 4012 1006 4077 fateri
1020 4013 1191 4076 tenentur

92 4115 357 4186 ecclesiasticam
375 4121 643 4186 immunitatem
667 4121 915 4185 necessariam
943 4119 1131 4201 sequelam
1155 4123 1192 4182 et

92 4214 262 4300 legitimum
287 4227 556 4292 consectarium
578 4243 658 4290 esse
682 4225 989 4309 independentiae
1005 4242 1050 4288 ao
1065 4241 1191 4306 supro·
