3096 4986
794 333 952 390 ...12-

201 497 206 506 ·
307 475 432 562 pedire
448 484 510 542 out
517 475 699 560 probibere
707 476 978 560 publicationem
991 475 1044 540 uel
1058 475 1308 540 exsecutionem
1325 472 1441 558 legum

312 584 625 648 ecclesiasticarum
639 603 699 648 seu
711 584 991 648 constitutionum
998 581 1277 667 pontificiorum
1294 580 1442 664 ideoque

313 690 457 756 retentio
474 689 659 754 Baliarum
674 709 735 754 seu
752 691 953 754 exercitium
981 687 1156 772 suppositi
1172 688 1272 772 juris
1289 685 1442 750 Pnscn'r

313 794 466 860 aaaron
478 795 647 880 appellati
662 797 839 860 doetrinae
868 793 1056 858 catholicoe
1075 792 1294 874 aduersatus,
1320 791 1442 855 Eccle-

312 903 387 968 eioe
403 901 706 984 independentiom
722 901 842 982 laedit,
861 907 893 965 et
909 897 1010 964 Sedis
1026 896 1249 983 Apostolicoe
1274 897 1444 984 utputtau·

314 1007 477 1084 detrabit.

404 1113 605 1178 Veritatem
621 1111 727 1194 hujus
746 1111 871 1193 thesis,
890 1128 986 1194 quae
1016 1115 1202 1194 tamquam
1219 1109 1445 1193 principium

315 1223 389 1284 tum
407 1219 663 1302 theologicum,
698 1221 773 1283 tum
797 1218 993 1300 juridicum
1026 1215 1341 1300 praestabilienda
1370 1222 1443 1296 est,

315 1341 395 1390 cum
413 1325 457 1390 de
489 1326 625 1391 tuenda
652 1325 841 1390 Ecclesiae
857 1326 1027 1390 libertate
1045 1325 1179 1407 egitur,
1210 1325 1299 1389 satis
1328 1323 1446 1388 sitin

316 1449 490 1513 praesens
523 1433 571 1513 (l)
590 1433 727 1514 duplici
758 1437 971 1514 argumento
999 1431 1265 1514 demonstrare,
1282 1430 1443 1510 scillcet,

315 1541 450 1604 ratione
465 1545 501 1602 et
517 1540 736 1604 auctoritate.

405 1645 564 1710 Ratione:
579 1643 753 1710 Praelata
765 1644 921 1709 retentio
939 1645 1000 1708 vel
1018 1643 1214 1728 prohibitio
1229 1642 1445 1725 Principum

316 1753 379 1814 aut
395 1747 620 1816 summorum
637 1749 913 1833 Imperantium,
939 1769 986 1816 ne
1011 1751 1244 1832 evulgentur,
1259 1750 1444 1831 recipian-

316 1855 711 1938 turvelexsequantur
742 1855 953 1920 Pontificiae
970 1856 1145 1938 Litterae,
1175 1873 1252 1921 rem
1281 1855 1445 1938 discipli·

316 1979 442 2026 narem
460 1961 610 2044 respicit
622 1983 689 2048 per
701 1983 736 2028 se
753 1980 817 2026 seu
833 1964 1073 2044 essentialiter,
1092 1969 1200 2045 prout
1215 1963 1319 2044 ajunt
1331 1979 1444 2026 cano·

316 2067 446 2149 nista'e,
466 2085 547 2132 cum
572 2067 740 2150 dogmate
769 2069 1013 2150 conjunctam,
1043 2069 1220 2152 siquidem
1250 2071 1372 2150 agitur
1397 2067 1445 2133 de

318 2173 434 2238 libera
465 2173 616 2238 Romani
648 2173 832 2238 Pontificis
864 2192 945 2239 cum
980 2175 1173 2258 Episcopis
1205 2180 1243 2238 et
1274 2174 1445 2240 fidelibus

317 2281 426 2346 totius
440 2281 537 2345 orbis
551 2280 740 2346 christiani
757 2281 1100 2363 communicatione
1115 2281 1217 2364 atqui
1235 2280 1446 2361 huJusmodi

316 2387 572 2452 commercium
588 2383 725 2469 Capitis
743 2385 896 2452 visibilis
912 2385 1103 2452 Ecclesiae
1128 2405 1210 2452 cum
1224 2386 1392 2451 omnibus
1406 2394 1446 2450 et

316 2493 468 2574 singulis
484 2490 656 2575 Corporis
669 2492 838 2558 membris
853 2503 908 2558 est
916 2493 989 2575 Jus,
1006 2493 1201 2576 etquidem
1215 2493 1443 2574 necessario,

317 2599 602 2664 inalienabiliter
618 2603 655 2663 et
666 2599 961 2680 inseparabiliter
989 2600 1163 2664 Primatui
1181 2599 1371 2665 Pontificio
1390 2601 1444 2666 in·

321 2705 477 2769 haerens
492 2722 537 2770 ac
549 2703 633 2769 Sedi
645 2705 880 2788 Apostolicae
893 2706 1315 2787 divinitusvinculatum3
1331 2708 1445 2788 igitur

318 2811 494 2892 cohiberi,
513 2810 694 2892 interdici,
714 2813 888 2894 disrumpi
906 2820 942 2876 et
961 2813 1080 2878 vetari
1098 2815 1235 2896 nequit,
1255 2815 1340 2896 quin
1359 2831 1443 2896 gra-

317 2917 505 2982 vissimum
552 2917 806 2982 detrimentum
839 2921 999 3001 patiatur
1031 2937 1202 3002 suprema
1238 2922 1443 2985 auctoritas

318 3023 450 3090 Christi
467 3025 505 3090 in
525 3024 633 3088 terris
650 3024 800 3106 Vicarii,
832 3043 1039 3108 magnaque
1058 3027 1191 3106 inJuria
1221 3026 1325 3091 Beati
1342 3025 1445 3094 Petri

317 3129 526 3197 Successori
543 3130 734 3194 inferatur.

405 3237 633 3304 Auctoritate:
653 3237 809 3301 Theoria
822 3237 1091 3318 regalistarum,
1106 3237 1265 3320 Regibus
1283 3257 1328 3302 ac
1340 3239 1443 3304 Prin·

318 3341 724 3426 cipibuseaecularibus
756 3340 971 3422 adjudicans
1000 3342 1060 3422 jus
1092 3342 1335 3406 interdicendi
1359 3361 1442 3425 pro·

319 3451 579 3531 mulgationem
610 3449 671 3514 vel
698 3446 918 3530 impediendi
947 3449 1219 3512 exsecutionem
1247 3467 1444 3515 xsacrarum

318 3559 439 3639 legum
455 3562 492 3620 et
522 3556 821 3620 constitutionum
856 3555 894 3617 in
921 3554 995 3618 suis
1021 3554 1230 3638 ditionibus,
1265 3557 1444 3638 explicite

319 3711 504 3724 u——t‘

390 3857 430 3926 (1)
466 3857 599 3911 Diximus
610 3855 743 3910 sulficere
751 3854 782 3908 in
790 3870 919 3926 praem
931 3857 1084 3909 nonnullos
1095 3856 1279 3924 probationes
1289 3857 1443 3922 adducere,

318 3929 433 3996 quiade
446 3929 499 3980 hac
512 3944 541 3980 re
554 3928 611 3980 late
623 3925 811 3980 disseruimus
824 3929 853 3980 in
867 3933 964 3980 nostra
987 3923 1189 3980 innotuimus
1200 3925 1229 3979 in
1241 3925 1296 3980 Jus
1307 3925 1443 3983 Ecclesiu-

318 4001 415 4055 eticum
427 4015 487 4066 cap.
501 3999 538 4059 11,
551 4001 603 4051 art.
615 3997 668 4066 IV,
677 3995 726 4048 ubi
740 3997 879 4050 Placitum
895 3995 1013 4064 Regium
1027 3999 1082 4050 sub
1092 4003 1208 4066 aspectu
1221 3997 1357 4064 historico,
1368 4001 1444 4054 criti·

318 4087 356 4138 oo,
361 4069 482 4138 juridico
491 4076 576 4136 atque
581 4067 728 4138 dopmutico
736 4074 866 4121 acesrrsts
873 4068 1072 4136 disquisitione
1082 4085 1159 4136 perp·
1170 4069 1258 4122 ndere
1267 4072 1442 4126 curarimus.

319 4143 373 4206 Qui
387 4142 542 4210 pleniorem
554 4141 641 4208 hujus
650 4140 859 4194 controversiae
867 4141 997 4193 notitiam
1009 4137 1123 4193 haurire
1137 4139 1213 4207 velit,
1223 4156 1297 4208 opus
1307 4152 1335 4194 et
1345 4143 1442 4196 locum

319 4215 437 4268 citatum
448 4213 588 4266 consulat.
944 4235 946 4239 ·
