3062 4994
545 427 726 484 -179-

95 569 157 630 toto
168 569 223 632 vel
238 585 286 632 ex
302 572 410 650 parte
427 571 632 633 exonerant
649 585 671 630 a
688 568 857 633 subsidiis
885 569 1074 634 Ecclesiae
1091 587 1195 652 prae·
1261 630 1264 639 .

29 733 30 746 ,
96 673 228 739 standis:
243 681 419 755 attamen,
437 675 543 740 salva
557 691 702 757 semper
715 693 760 740 ac
771 677 963 758 recognita
979 675 1049 740 hac
1064 677 1199 760 triplici

96 780 215 844 ratione
230 784 386 868 projure
403 781 592 848 Ecclesiae
609 781 844 864 vindicando,
864 781 908 846 de
922 783 1018 868 facto
1039 783 1069 846 sl
1086 801 1198 864 quan-

29 915 30 920 *
96 883 129 948 do
143 887 388 952 verificaretur
404 887 631 970 hypothesis,
649 887 719 952 hoc
736 891 805 969 est,
825 889 857 952 si
885 887 1002 952 denuo
1032 887 1199 954 Ecclesia

95 990 210 1056 divitiis
227 993 432 1057 abundaret
449 992 559 1076 (quod
576 993 680 1058 uobis
709 994 855 1058 videtur
872 994 981 1059 valde
999 994 1146 1060 difficile
1164 999 1202 1059 et

95 1097 155 1161 lere
167 1099 401 1182 impossibile)
418 1107 454 1164 et
475 1100 552 1180 Jam
569 1116 640 1162 nou
659 1097 839 1180 indigeret
853 1097 1080 1164 immunitate
1100 1119 1120 1166 a
1138 1102 1200 1166 tri.

94 1202 182 1286 butis,
199 1206 282 1270 huie
301 1207 524 1288 exemptioni
542 1206 705 1270 nuntium
720 1207 865 1270 mittere
881 1211 1016 1286 posset,
1037 1213 1073 1270 et
1090 1209 1199 1275 aliter

93 1307 230 1375 debitam
246 1313 581 1394 compensationem
598 1329 777 1393 quaerere
796 1311 855 1376 vel
871 1312 960 1376 satis
973 1329 1012 1375 se
1030 1329 1198 1394 compen-

94 1419 191 1481 satam
207 1418 345 1483 habere
363 1435 409 1484 ex
428 1419 655 1500 protectione
679 1418 908 1482 ministeriali
924 1415 1059 1498 Status,
1079 1420 1139 1500 qui
1161 1421 1200 1484 vi

92 1531 213 1588 armata
226 1531 418 1609 promptus
446 1532 541 1592 esset
560 1527 652 1592 tueri
668 1544 734 1590 sua
761 1525 858 1589 bona
883 1531 1103 1608 caeteraque
1121 1528 1199 1608 ejus

89 1647 170 1709 Jura.

180 1737 357 1802 Monitum
387 1737 535 1802 tandem
552 1738 718 1802 volumus
736 1737 938 1802 Ecclesiam
967 1739 1005 1803 iu
1029 1741 1200 1822 praefata

29 1903 30 1918 ,
94 1841 267 1925 hypothesi
301 1845 513 1926 permittere
545 1861 654 1925 posse
687 1849 725 1908 ut
757 1845 1032 1926 imponerentur
1065 1847 1201 1911 tributa

94 1951 212 2014 tautum
229 1951 393 2034 praediis
410 1953 496 2032 suis,
528 1969 621 2033 quae
638 1953 786 2016 mediate
803 1952 995 2016 conferunt
1019 1952 1065 2016 ad
1095 1954 1202 2016 tinem

93 2059 261 2139 proprium
278 2064 315 2122 et
329 2059 555 2140 spiritualem
571 2059 850 2142 assequendum,
865 2057 901 2123 id
915 2069 982 2141 est,
997 2059 1069 2123 illis
1083 2061 1200 2140 boniS,
1301 2088 1303 2091 ·

92 2165 267 2246 exquibus
288 2165 490 2230 educuntur
508 2164 670 2229 redditus
700 2166 899 2230 necessarii
917 2165 963 2229 ad
988 2166 1202 2230 exercitium

29 2301 30 2304 =
93 2270 191 2336 cultus
207 2271 338 2353 divini,
358 2271 504 2335 minime
520 2288 608 2336 vero
638 2271 812 2335 aedificiis
829 2273 957 2352 eserie,
976 2289 1069 2354 quae
1087 2274 1202 2336 imme·

91 2375 169 2442 dicte
183 2377 399 2442 deserviunt
416 2378 530 2442 cultui
548 2377 672 2441 divino
699 2377 922 2460 peragendo,
953 2378 1121 2458 religioni
1139 2395 1202 2460 pu·

94 2480 171 2546 bliee
182 2483 413 2566 profitendae
431 2489 494 2548 aut
511 2483 683 2547 charitati
699 2501 788 2566 erga
816 2501 1011 2566 pauperes,
1042 2483 1203 2548 infirmos

91 2588 139 2651 rel
154 2607 287 2672 pueros
317 2589 558 2671 exercendae,
578 2590 630 2654 uti
647 2589 847 2672 Ecclesiae,
878 2589 1113 2670 Mouasteria,
1133 2589 1204 2654 Xe·

93 2695 269 2776 nodochia,
290 2694 624 2778 Orphanotrophia,
644 2701 729 2776 etc.;
749 2697 883 2760 etenim
897 2696 1103 2777 hujusmodi
1120 2697 1202 2762 loca

92 2815 218 2884 semper
236 2802 364 2866 habita
382 2807 466 2865 sunt
482 2809 520 2864 ut
537 2805 709 2883 exempta
725 2819 748 2864 a
765 2802 922 2883 tributis,
943 2803 1051 2866 etiam
1070 2804 1204 2868 nostris

91 2907 303 2990 temporibus
319 2913 356 2972 et
373 2909 419 2971 ab
437 2909 526 2989 ipsis
540 2906 854 2990 Guberniis,quae
872 2909 909 2972 in
927 2911 1075 2992 reliquis
1089 2911 1204 2975 ecele-
1263 2965 1268 2974 .

91 3011 263 3080 siasticam
282 3015 548 3079 immunitatem
564 3033 637 3078 non
654 3019 869 3096 agnoscunt.

166 3122 242 3186 105.
294 3120 462 3204 Denique
487 3139 553 3203 pro
582 3121 653 3184 hae
677 3121 900 3184 discussione
919 3126 1047 3184 contra
1072 3121 1204 3201 regali·

91 3227 154 3290 stas
171 3227 402 3292 absolvenda
421 3227 617 3292 videndum
633 3233 812 3309 superest,
828 3231 947 3291 utrum
964 3227 1097 3290 nimiae
1114 3226 1204 3291 divi·

92 3329 153 3396 tiae
169 3333 362 3399 Ecclesiae
373 3332 435 3397 vel
451 3334 548 3399 bona
560 3355 723 3398 manuam
736 3341 952 3400 mortuarum
969 3333 1206 3414 Reipublicae

92 3443 145 3501 aut
156 3441 256 3504 civili
270 3439 438 3504 societati
456 3441 624 3504 damnum
638 3457 769 3521 reapse
787 3441 976 3504 intulerint
993 3439 1054 3504 vel
1068 3439 1205 3504 inferre

92 3547 231 3623 possint:
250 3564 321 3628 age
335 3547 424 3628 iarn,
457 3545 657 3610 doctissimi
686 3547 883 3628 scriptores
901 3552 1010 3627 atque
1043 3545 1206 3629 insignes

91 3654 310 3736 apologistae
327 3653 562 3718 validissimis
587 3654 788 3718 rationibus
806 3653 1112 3733 demonstrarunt,
1133 3673 1205 3718 mo·

92 3761 335 3842 numentisque
347 3759 532 3825 historicis
544 3760 934 3842 comprobaruntbona
944 3760 1206 3842 inEcclesiam,

92 3861 283 3948 Religiosas
301 3867 580 3932 Adsociationes
607 3872 645 3932 et
672 3867 771 3932 Loca
786 3867 851 3931 Pia
879 3867 1060 3932 translata
1089 3865 1207 3930 Statui

93 3971 228 4038 minime
240 3974 422 4056 nocuisse,
441 3973 505 4038 sed
522 3991 541 4038 e
558 3977 687 4040 contra
704 3974 813 4038 civile
829 3973 1026 4055 Imperium
1055 3991 1100 4037 ex
1131 3973 1206 4056 opi·

94 4073 151 4141 bus
163 4077 352 4144 Ecclesiae
369 4097 413 4144 ac
428 4080 731 4170 Mouasteriorum
748 4096 919 4162 magnum
947 4079 1153 4162 profectum
1171 4082 1207 4144 et

93 4186 251 4266 copiosas
284 4185 461 4252 utilitates
493 4187 703 4270 percepisse
736 4185 797 4270 (1),
831 4185 932 4250 uude·
958 4185 1093 4269 optimo
1124 4187 1207 4267 jure

70 4373 76 4388 ·
155 4353 193 4416 tl)
228 4352 314 4406 Cone.
328 4351 402 4405 inter
412 4333 483 4405 alios
504 4351 536 4406 P.
550 4351 709 4406 Antonium
729 4352 837 4417 Desing
862 4350 973 4419 integro
1000 4351 1081 4418 libro,
1096 4353 1146 4418 qui
1169 4351 1210 4404 in-

94 4420 226 4478 scribitur:
244 4421 316 4493 Opce
330 4422 484 4478 emebat
494 4439 561 4477 num
568 4420 733 4492 reipublicae
744 4421 851 4478 nomiae.
