3028 4992
786 371 965 431 ..303-

312 531 464 596 quorum
492 514 581 596 ipsis
605 513 788 579 debitores
813 515 984 596 existunt,
1005 517 1161 582 maxime
1179 534 1281 582 vero:
1301 517 1328 599 ⁸)
1347 521 1437 604 quia
1498 502 1499 586 l

311 625 347 688 in
372 622 503 698 ordine
520 621 691 702 religioso
716 625 752 684 et
770 621 1012 686 intellectuali
1037 623 1155 687 lucem
1180 625 1435 706 evangelicam

311 735 348 795 et
364 729 531 794 veritatis
556 727 777 808 agnitionem
806 728 1037 792 acatholicis
1070 729 1306 796 missionariis
1334 749 1430 796 rece·
1498 763 1499 794 r

311 842 455 920 perunt,
474 834 740 916 superstitionis
770 834 918 916 cultum,
938 834 1063 898 audita
1092 851 1216 899 eorum
1247 837 1430 918 praedica·
1498 829 1499 834 ’

311 944 421 1023 tione,
454 940 664 1005 descrentes
692 944 728 1003 et
757 957 884 1004 veram
919 941 1133 1020 religionem
1166 942 1433 1024 amplexantem

318 1046 349 1126 l)
367 1048 452 1130 quie
468 1049 505 1109 in
523 1045 649 1110 ordine
665 1045 793 1108 sociali
811 1063 855 1109 ac
874 1046 1003 1110 morali
1022 1046 1228 1111 catholicae
1245 1048 1434 1113 civilitatis

313 1154 556 1230 (ciuillzocida)
576 1151 773 1233 participes
791 1151 913 1214 effecti
931 1157 1015 1216 sunt
1028 1170 1108 1216 cum
1128 1153 1292 1218 omnibus
1314 1155 1432 1236 bouis,

312 1259 595 1326 institutionibus
613 1263 721 1339 atque
739 1257 980 1338 excellentiis,
1000 1266 1094 1340 qua'e
1113 1275 1177 1340 pro
1196 1260 1344 1341 publica
1362 1279 1429 1324 mo·
1499 1267 1500 1324 l

311 1387 390 1432 rum
422 1367 613 1430 honestate
643 1373 679 1426 et
708 1363 900 1444 temporali
934 1365 1149 1445 populorum
1184 1365 1361 1430 felicitate
1388 1385 1432 1429 ex
1499 1397 1500 1424 r

310 1476 375 1540 illa
393 1479 492 1537 recte
509 1471 734 1550 derivantur3
752 1469 777 1552 ⁰)
795 1471 880 1551 quia
898 1469 933 1532 in
952 1469 1078 1534 ordine
1097 1471 1195 1534 civili
1216 1489 1259 1535 ac
1284 1474 1432 1554 politico
1499 1539 1500 1544 ,

312 1583 499 1646 efficacem
524 1578 674 1641 tutelam
692 1585 728 1640 et
745 1581 973 1640 constantem
992 1576 1239 1641 defensionem
1257 1579 1293 1642 in
1312 1597 1429 1661 supre-

310 1707 369 1754 ma
386 1689 627 1752 Romanorum
646 1683 856 1747 Praesulum
876 1684 1098 1747 auctoritate
1123 1685 1355 1766 invenerunt,
1374 1685 1432 1768 qui

310 1795 468 1876 saepius,
495 1791 604 1855 duces
633 1807 676 1854 ac
704 1791 956 1871 exploratores
987 1791 1201 1872 opportunis
1230 1792 1429 1856 monitioni·

309 1901 376 1965 bus
393 1901 580 1963 hortantes
592 1897 653 1960 vel
678 1897 786 1959 etlam
804 1895 1066 1960 ecclesiasticis
1083 1898 1246 1962 censuris
1264 1915 1428 1963 coerceo·

310 2013 377 2088 tes,
397 2006 543 2070 nimiam
561 2001 796 2085 cupiditatem
813 2009 850 2064 et
863 2001 1041 2065 effrenem
1056 2003 1305 2068 invadentium
1325 2005 1429 2068 embi-
1500 2005 1501 2080 i

310 2114 444 2178 tionem
462 2109 640 2176 moderati
658 2109 772 2189 fuere,
791 2109 1017 2190 populosque
1046 2109 1236 2191 indigenas
1254 2129 1276 2174 a
1292 2112 1432 2193 magnis
1500 2121 1501 2124 ’

310 2220 475 2286 saevitiis
492 2223 527 2282 et
545 2218 625 2281 dira
643 2217 880 2297 oppressione
898 2216 1099 2279 liberarunt
1117 2216 1177 2300 (l).

399 2325 451 2390 3.⁰
498 2323 631 2392 Omnes
655 2323 675 2388 J
681 2325 753 2387 uris
766 2323 905 2387 Publicl
921 2329 1141 2387 tractatores
1159 2324 1253 2388 ultro
1271 2325 1432 2388 intentur

310 2435 438 2500 civiles
454 2437 581 2515 gentes
595 2431 678 2513 jure
704 2447 784 2494 esse
813 2429 1001 2512 praeditas
1020 2430 1235 2494 civilitatem
1252 2431 1349 2512 apud
1371 2449 1426 2512 po·

310 2541 414 2623 pulos
431 2541 619 2604 silvestres
638 2537 878 2619 propagandi,
898 2537 1114 2619 praesertim
1131 2537 1168 2600 in
1186 2537 1326 2602 duobus
1344 2537 1426 2601 casi-

309 2647 388 2727 bus,
407 2663 549 2727 nempe,
569 2661 647 2708 cum
663 2643 838 2724 ejusmodi
857 2643 979 2724 populi
995 2643 1080 2723 jnra
1097 2643 1335 2708 humanitatis
1360 2644 1427 2706 lae·
1501 2667 1502 2704 l

309 2753 409 2832 dunt,
439 2756 475 2815 et
504 2751 648 2832 quando
684 2750 799 2829 major
816 2749 1017 2814 incolarum
1036 2767 1121 2831 pars
1139 2755 1268 2814 contra
1301 2751 1426 2834 prima·

308 2859 399 2923 rium
416 2859 474 2938 jus
492 2861 645 2920 naturae
663 2856 860 2920 crudeliter
878 2855 1119 2938 opprimatur.

398 2968 433 3042 a)
481 2963 638 3026 Primum
656 2964 792 3044 itaque,
811 2962 839 3024 si
856 2962 981 3043 populi
998 2963 1146 3026 barbari
1160 2963 1245 3044 Jura
1270 2963 1426 3027 humani-

308 3071 395 3136 tatis
412 3077 538 3151 aperte
556 3069 706 3150 violent,
735 3069 784 3132 uti
804 3067 993 3132 sacrificiis
1011 3068 1189 3150 humanis,
1225 3069 1429 3134 nationibus

309 3179 416 3243 cultis
426 3181 576 3260 propter
595 3175 809 3240 civilitatem
820 3175 1189 3256 intervenirellcebit,
1199 3176 1422 3240 etinterdum

309 3287 419 3351 etiam
432 3285 506 3348 vim
519 3287 668 3348 servato
685 3281 934 3347 moderamine
951 3281 1138 3363 adhibere;
1156 3283 1324 3365 quemvis
1338 3283 1426 3348 enim

309 3393 452 3458 cultura
465 3407 659 3471 numquam
675 3387 906 3470 procuranda
923 3388 970 3452 sit
984 3388 1111 3452 mediis
1124 3389 1315 3470 exquibus
1330 3386 1426 3470 sequi

309 3503 445 3580 queant
459 3496 514 3560 his
525 3496 668 3577 populis
682 3495 821 3574 majora
835 3493 932 3558 mala
945 3493 989 3557 iis
1002 3494 1153 3576 adquae
1165 3495 1424 3559 auferendaor·

309 3603 467 3684 dinatur,
487 3607 649 3666 attamen
667 3601 885 3683 principium
903 3601 1143 3666 communiter
1159 3607 1349 3683 receptum
1376 3602 1430 3664 est

308 3709 383 3774 vim
400 3725 467 3790 per
480 3725 519 3772 se
532 3707 698 3772 adhiberi
712 3725 819 3790 posse
834 3725 905 3772 non
918 3705 1023 3771 modo
1038 3705 1084 3770 ad
1094 3707 1181 3787 jura
1191 3709 1319 3772 nostra
1333 3712 1426 3771 tuen·

304 3967 494 3982 διι--

378 4131 415 4196 (1)
452 4128 536 4182 eona.
549 4129 585 4182 de
598 4129 652 4181 bac
665 4144 696 4182 re
717 4131 830 4195 praeter
850 4127 1017 4182 notisslmos
1038 4127 1199 4182 Historloos
1212 4123 1425 4197 Hispanoo,qui

307 4203 337 4254 ln
359 4201 414 4253 hoc
425 4205 592 4266 argumento
613 4200 677 4253 fuse
691 4199 861 4266 exponendo
875 4200 978 4252 versati
994 4209 1062 4252 sunt
1076 4200 1142 4266 (etsi
1156 4215 1215 4252 non
1239 4215 1353 4268 semper
1364 4212 1438 4270 curn¹

306 4276 385 4326 recto
402 4273 514 4324 criterio
526 4275 556 4324 et
568 4275 669 4324 exacta
687 4271 905 4341 aestimatione),
918 4272 1036 4324 citatum
1058 4269 1213 4339 Becchetti,
1227 4271 1276 4325 lib.
1293 4271 1343 4334 XI,
1355 4269 1372 4338 ξ
1384 4269 1426 4320 tl.
