3028 4992
796 353 976 414 „334-

330 495 465 562 etenim
489 513 570 560 cum
587 496 740 579 quaevis
767 497 867 561 natio
881 497 967 578 jura
994 496 1146 562 alterius
1163 498 1284 562 colere
1301 497 1441 578 debeat,

326 611 413 670 ante
430 605 552 670 omnia
568 605 637 670 hoc
654 611 844 688 praestare
859 609 1015 686 tenetur,
1031 609 1070 669 ut
1086 605 1177 669 nulli
1194 604 1443 669 detrimentum

326 711 463 776 inierat
479 715 653 794 respectu
672 729 797 776 eorum
825 711 982 776 omnium
1007 728 1102 792 quae
1118 710 1165 775 ad
1188 715 1354 775 caeteros
1371 708 1444 774 Sta-

327 826 386 886 tus
416 825 615 902 utcumque
648 819 815 883 attinent:
849 817 918 882 hae
948 817 992 882 de
1021 833 1061 882 re
1092 817 1288 882 societates
1320 816 1444 880 civiles

221 929 226 940 ’
328 925 457 990 eedem
488 925 617 1008 regule
649 923 914 990 mensurandae
941 927 1025 986 sunt
1052 939 1096 986 ac
1125 921 1325 1002 individua;
1356 922 1445 986 sicut

328 1033 424 1098 enim
443 1033 596 1115 quilibet
614 1031 720 1096 homo
744 1048 907 1095 seorsum
923 1030 1109 1112 inspectus
1133 1029 1313 1094 neminem
1329 1028 1443 1092 laede·

328 1157 368 1204 re
403 1139 512 1204 debet
542 1137 663 1221 quoad
696 1137 792 1202 bona
819 1143 895 1202 tum
923 1137 1069 1224 interna
1099 1140 1174 1199 tum
1201 1145 1367 1216 externa3
1395 1136 1443 1198 ita

329 1247 439 1310 etiam
453 1244 574 1310 Status
591 1261 655 1308 seu
672 1243 801 1308 civiles
817 1243 1014 1308 societates
1038 1259 1084 1306 ex
1101 1241 1303 1306 hominibus
1332 1241 1442 1306 coale-

328 1357 473 1416 scentes
484 1349 601 1416 eidem
614 1349 1085 1432 legi,aSuprernoomulum
1096 1346 1441 1414 Creatoreuniverso

329 1459 487 1524 humano
505 1457 631 1539 generi
648 1457 851 1538 impositae,
871 1473 1019 1537 prorsus
1037 1455 1291 1536 subjiciuntur.

431 1563 594 1644 Quatuor
628 1580 717 1627 vero
751 1563 950 1645 praecipua
982 1561 1103 1626 officia
1135 1562 1294 1646 aepaliea
1327 1575 1443 1624 recen-

328 1675 467 1736 sentar:

418 1775 447 1838 I.
496 1775 671 1839 Revereri
688 1773 919 1838 existentiam
937 1773 1089 1836 aliorum
1115 1771 1292 1851 statuum,
1311 1786 1442 1834 eorum·

331 1899 401 1964 que
421 1881 693 1946 conservationi
709 1880 808 1944 nullo
837 1885 945 1960 pacto
964 1885 1148 1944 attentare
1165 1877 1357 1960 (ejusmodi
1374 1875 1442 1941 olli·

330 1990 425 2052 cium
452 1988 595 2070 juribus
612 1987 814 2051 existentiae
831 2003 875 2049 ac
891 1987 1164 2052 conservationis
1180 2001 1292 2066 supra
1319 1999 1441 2048 merno-

331 2095 420 2159 ratis
434 2091 657 2176 respondet).
1501 2163 1502 2178 ἶ

419 2201 467 2264 ΙΙ.
523 2199 621 2264 Nulli
655 2197 773 2262 Statui
808 2197 984 2280 impedire
1020 2197 1175 2262 liberum
1205 2195 1441 2279 suprematiae

227 2343 229 2348 ·
330 2307 553 2392 (soberuula)
582 2305 795 2370 exercitium
826 2305 923 2368 iutra
954 2305 1087 2368 limites
1115 2321 1204 2368 suae
1231 2303 1376 2367 ditionis
1403 2317 1441 2364 ec
1501 2311 1502 2368 l

330 2413 519 2492 territorii,
540 2411 731 2476 dummodo
760 2413 862 2474 aetus
878 2411 1028 2474 hostiles
1057 2409 1095 2474 in
1122 2409 1348 2492 alienigenas
1377 2425 1440 2472 uon
1501 2377 1502 2451 Ῑ

330 2524 553 2602 exsequatur
568 2518 650 2598 (hoc
666 2516 824 2580 officiam
837 2516 911 2596 jnri
930 2517 1149 2582 autonomiam
1162 2516 1359 2598 cohaeret).

418 2625 484 2688 III.
534 2623 631 2688 Nihil
648 2623 794 2688 efficere
819 2621 917 2704 quod
933 2622 1119 2703 legitimae
1143 2623 1355 2704 evolutioni,
1373 2620 1439 2686 vin·

331 2731 423 2794 culis
438 2729 604 2810 juridicis
621 2731 682 2794 vel
695 2729 858 2792 externis
875 2728 1115 2792 relationibus
1132 2733 1359 2793 caeterorum
1371 2726 1438 2791 Sta·

329 2842 429 2900 tuum
459 2843 678 2918 opponatur,
711 2835 780 2898 nisi
812 2835 894 2898 aliis
910 2835 1117 2899 nationibus
1140 2834 1278 2898 directe
1311 2839 1372 2899 aut
1396 2833 1440 2896 in·

331 2943 469 3007 directe
501 2941 680 3006 dominari
712 2938 902 3004 intendant
944 2939 1164 3025 (hujusmodi
1195 2941 1353 3006 officium
1376 2937 1440 3022 juri

330 3049 617 3134 independeatiae
637 3052 825 3112 consonat.

418 3156 480 3220 IV.
530 3155 745 3220 Permittere
761 3155 976 3237 alienigenis
992 3157 1090 3221 intra
1106 3158 1196 3222 lines
1225 3157 1364 3240 proprii
1386 3155 1439 3218 im·

330 3263 424 3344 perii
449 3268 485 3326 et
503 3261 678 3326 territorii
703 3261 876 3344 quidquid
903 3263 1042 3344 absque
1071 3262 1288 3327 detrimento
1317 3261 1439 3327 civium
1500 3295 1501 3367 l

332 3375 369 3434 et
392 3370 470 3432 sine
496 3369 582 3432 boni
597 3368 734 3450 publici
747 3367 897 3448 jactura
915 3385 1031 3450 aeque
1061 3387 1105 3432 ac
1131 3369 1284 3435 honeste
1302 3363 1439 3449 exsequi

330 3477 484 3558 possint,
505 3474 686 3556 (congruit
701 3474 770 3538 hoc
788 3475 945 3538 cilicium
959 3475 1033 3556 jnri
1050 3475 1286 3559 aequalitatia.

419 3581 474 3645 53.
524 3579 681 3645 Primum
715 3580 874 3646 officium
905 3581 1117 3662 negativum
1148 3582 1261 3646 mutui
1291 3574 1439 3662 obsequii

330 3703 375 3749 ac
393 3686 625 3750 reverentiae
648 3686 728 3768 ipso
746 3687 829 3768 jure
852 3692 1007 3750 naturae
1034 3686 1195 3768 fulcitur,
1213 3687 1438 3770 prohibetque

331 3809 376 3856 ue
394 3791 488 3856 ullus
506 3791 628 3856 Status
645 3792 753 3856 alteri
768 3793 907 3857 nationi
924 3793 1064 3858 liberae
1080 3796 1192 3875 atque
1206 3796 1308 3858 recte
1324 3786 1438 3856 eonsti-

329 3901 430 3962 tatae
448 3897 575 3978 vitam,
594 3897 843 3977 integritatem
867 3897 928 3962 vel
955 3895 1280 3980 independentiam
1304 3896 1437 3970 adimat,

330 4003 400 4066 nisi
418 4002 613 4084 aliquando
632 4002 767 4066 bellum
780 4002 917 4083 justum
934 4001 970 4066 id
988 4005 1191 4086 pateretur;
1207 4009 1244 4068 et
1260 4020 1361 4083 sane,
1381 3996 1438 4082 pri·
1499 3979 1500 4050 l

329 4125 422 4172 vare
438 4109 596 4191 aliquem
626 4107 766 4173 Statum
794 4126 860 4172 sua
887 4109 1186 4192 independentia‚
1204 4126 1253 4175 ex
1280 4125 1352 4192 qua
1373 4105 1437 4186 ejus

330 4212 411 4278 vita
427 4217 464 4276 et
481 4213 712 4281 conservatio
729 4214 901 4299 pendent,
919 4213 1017 4282 idem
1033 4219 1131 4282 esset
1147 4233 1194 4281 ac
1221 4215 1357 4299 duplex
1382 4207 1437 4276 cri·
