3058 4994
1132 1 1390 196 &a

786 375 964 434 -468-

414 518 485 583 Sub
498 520 668 600 respectu
686 517 797 583 etiam
829 521 1002 584 nationali
1020 519 1169 584 indictio
1187 519 1286 600 belli,
1302 521 1363 601 jus
1387 540 1447 602 pu-

324 626 457 690 blicum
476 627 636 708 gentium
654 625 779 706 silicia
799 643 844 689 ex
861 643 931 708 quo
950 627 1043 690 enim
1065 627 1104 690 fit
1122 626 1346 692 denuntiatio
1362 627 1446 690 belli
1473 651 1476 658 ¹

324 733 362 798 in
379 731 537 796 Statibus
551 731 852 812 belligerantibus
869 731 1120 814 promulgatur
1138 733 1199 796 lex
1216 735 1444 816 exceptionu-

325 839 452 920 lisque
470 837 543 902 Lea
559 837 738 902 Martialis
767 838 910 918 dicitur,
941 839 979 902 vi
1012 839 1115 920 quus
1147 839 1183 902 in
1213 839 1332 904 locum
1355 842 1446 922 juris

325 947 536 1026 communis,
567 945 830 1027 jurisdictionis
863 945 1070 1010 ordinariae
1114 951 1224 1030 atque
1257 965 1447 1030 processus

325 1055 488 1118 consueti
502 1053 721 1143 subrogatur
735 1053 794 1132 Jus
808 1054 981 1134 speciale,
999 1053 1203 1134 jurisdictio
1222 1055 1388 1118 militaris
1405 1073 1445 1118 ac

324 1178 517 1244 processus
533 1159 836 1223 summarissimus
853 1159 899 1223 ad
916 1161 1016 1224 iacta
1030 1159 1230 1242 judicanda
1247 1179 1329 1224 cum
1347 1159 1445 1225 Statu

324 1268 569 1341 exceptionali
587 1268 673 1332 belli
691 1285 868 1332 connexa.

415 1374 488 1436 139.
538 1373 744 1456 Requiritur
762 1373 903 1438 demum
937 1375 983 1439 ad
1012 1377 1314 1442 liceitatembelli
1344 1385 1382 1440 ut
1413 1377 1444 1439 iu

323 1481 385 1544 illo
404 1481 563 1562 gerendo
581 1487 749 1545 servetur
766 1483 886 1548 modas
903 1484 1088 1566 lopitimae,
1103 1489 1177 1548 tum
1195 1483 1315 1565 quoad
1334 1501 1443 1560 arma,

324 1595 397 1652 tum
417 1588 534 1670 quoad
552 1593 700 1652 caetera
719 1589 804 1650 belli
824 1589 1019 1670 praesidia.
1040 1590 1162 1672 Usque
1179 1591 1226 1654 ad
1243 1590 1446 1655 recentiora

324 1701 489 1776 tempora
507 1695 704 1758 universim
722 1695 930 1776 praevaluit
948 1713 1103 1761 erronea
1131 1699 1333 1778 persuasio;
1354 1695 1449 1778 apud.

324 1819 448 1864 omnes
467 1801 561 1864 enim
594 1801 872 1864 existimabatur
900 1802 1185 1867 declarationem
1213 1804 1299 1866 belli
1327 1821 1444 1866 secum

323 1909 512 1988 implicare
530 1925 573 1970 ac
590 1907 805 1970 naturaliter
819 1907 1017 1990 deposcere
1035 1907 1170 1973 inimici
1188 1909 1443 1973 extinctionem

323 2021 433 2095 atque
451 2013 733 2076 destructionem
759 2015 933 2094 gentium,
953 2015 1043 2078 adeo
1063 2022 1100 2078 ut
1117 2015 1195 2096 ipse
1225 2013 1375 2080 Grotius
1394 2033 1442 2078 as-

323 2137 445 2183 serere
460 2137 567 2182 ausus
582 2120 691 2182 fuerit
705 2119 855 2183 eaedem
870 2123 979 2184 etiam
994 2121 1183 2185 mulierum
1196 2138 1241 2184 ac
1253 2139 1442 2202 puerorum

323 2226 440 2307 adjus
459 2227 544 2288 belli
560 2227 728 2306 attinere3
747 2225 811 2289 sed
829 2227 948 2290 fauste
979 2229 1178 2292 novissima
1206 2234 1329 2291 aetate
1359 2229 1443 2291 haec

323 2339 475 2398 cruenta
490 2341 525 2398 et
542 2351 629 2397 vere
647 2333 805 2414 lugenda
824 2333 940 2396 forma
970 2335 1158 2398 conflictus
1186 2335 1440 2398 internetione-

321 2442 375 2505 les
393 2442 558 2506 solvendi
576 2442 731 2525 quadam
750 2443 930 2506 civilitate
948 2445 1083 2507 donata
1100 2451 1165 2526 est,
1185 2461 1265 2508 cum
1281 2445 1359 2508 fere
1377 2463 1441 2508 om·

322 2565 386 2612 nes
405 2551 588 2613 fateantur
605 2549 710 2612 finem
726 2549 811 2612 belli
829 2567 899 2612 non
931 2567 1010 2613 esse
1039 2550 1287 2631 reponendum
1321 2553 1358 2614 in
1389 2550 1442 2612 de·

322 2659 520 2720 structione
533 2657 758 2720 inimicorum
771 2663 806 2719 et
819 2658 1009 2720 eversione
1023 2640 1250 2739 populorum,
1266 2659 1333 2723 sed
1346 2676 1441 2740 prae·

323 2765 478 2844 cipuum,
497 2763 603 2826 immo
630 2781 716 2826 vero
749 2763 891 2825 unicum
921 2763 997 2843 ejus
1030 2781 1193 2844 scopum,
1225 2765 1336 2828 situm
1354 2765 1396 2826 iri
1409 2765 1440 2825 in

321 2870 499 2950 fragenda
513 2869 767 2950 praepotentia
784 2870 941 2932 nationis
955 2869 1178 2934 decertantis
1193 2877 1304 2952 atque
1319 2872 1356 2934 in
1369 2869 1439 2933 red-

322 2975 438 3040 dendo
456 2977 600 3039 inutiles
618 2981 653 3039 et
671 2977 887 3056 impotentes
906 2975 1039 3056 besica,
1075 2976 1192 3040 donec
1222 2979 1439 3055 obtineatur,

321 3089 429 3164 parta
447 3083 613 3163 victoria,
633 3083 787 3162 injuriae
805 3083 1019 3162 satisfactio,
1040 3083 1160 3147 damni
1197 3086 1440 3166 compensatio

322 3191 381 3254 vel
395 3191 486 3270 J'uris
503 3190 594 3252 laesi
611 3197 673 3252 aut
690 3189 840 3252 inficiati
859 3190 1074 3270 recognitio.

409 3295 574 3358 Diximus
605 3297 789 3379 qnamdam
823 3296 1023 3360 civilitatem
1056 3297 1093 3358 in
1125 3297 1280 3360 materia
1314 3296 1440 3360 bellica

321 3419 400 3466 esse
418 3403 613 3481 inductam3
633 3403 716 3484 quia
732 3403 817 3464 licet
831 3403 990 3484 quotidie
1005 3404 1186 3466 cernimus
1204 3403 1438 3486 undequaque

321 3511 447 3592 augeri
462 3529 564 3574 arma
577 3511 841 3591 destructionis,
856 3517 1056 3590 apparatus
1070 3511 1263 3574 bellicosos
1278 3525 1439 3576 crescere

321 3618 732 3681 etnovasballistarias
765 3617 950 3680 machinas
984 3617 1201 3698 adinveniri,
1234 3619 1272 3681 in
1299 3618 1436 3682 dubium

320 3725 490 3788 revocari
507 3725 632 3806 nequit
645 3725 731 3806 quin
748 3725 872 3804 aliqua
889 3724 1008 3787 media
1036 3731 1176 3789 tentata
1201 3727 1285 3806 sint,
1306 3734 1342 3788 et
1358 3741 1436 3787 non·

319 3832 442 3894 nullae
458 3832 608 3912 regulae
626 3831 764 3912 epocha
780 3832 1030 3894 recentissima
1045 3833 1297 3914 praescriptae
1311 3831 1441 3896 fuerint

319 3937 366 4000 ad
383 3938 630 4002 humaniorem
645 3938 859 4002 vertendum
873 3937 1048 4020 ejusmodi
1062 3957 1272 4020 processum
1287 3941 1436 4004 interna·

319 4045 492 4108 tionalem
511 4045 601 4108 adeo
616 4045 815 4108 violentum
833 4063 876 4108 ac
894 4031 1173 4110 saevissimum

407 4151 452 4215 Et
470 4169 509 4216 re
527 4151 669 4234 quidem
690 4169 791 4233 vera,
811 4169 906 4216 anno
927 4153 1012 4216 1863
1044 4155 1255 4219 occassione
1286 4153 1370 4218 belli
1385 4165 1434 4214 se-

318 4257 492 4322 cessionis
510 4260 605 4324 inter
618 4257 742 4322 Status
755 4258 1067 4341 Septentrionales
1082 4267 1118 4326 et
1132 4261 1320 4327 Australes
1333 4257 1436 4324 Unio-
