3062 4994
778 335 956 394 -122-

304 478 414 542 tionis
432 477 652 542 necessitate
669 477 729 542 vei
746 479 1031 561 opportunitate,
1050 480 1135 561 quia
1153 479 1200 544 ad
1226 479 1436 545 Ecclesiam
1527 463 1528 468 ¹

308 585 415 648 unice
434 589 579 665 spectat
603 585 663 666 jus
692 583 854 648 divinum
881 585 1127 667 interpretari,
1157 593 1194 650 et
1221 587 1318 650 iniis
1336 604 1438 670 quae

306 690 405 754 facto
423 689 579 754 humano
597 691 761 755 nituntur
778 690 1085 773 dispensationem
1103 692 1316 756 concedere.

397 796 453 860 68.
504 796 579 860 3.¹¹¹n
600 796 834 879 Principium.
852 797 968 863 Sintai
995 799 1160 864 catholico
1176 801 1341 863 incumbit
1358 801 1438 886 effi·
1527 819 1528 836 ¹

308 906 399 968 ciam
416 903 624 988 npnoscendi
640 905 677 968 in
689 905 810 968 ordine
827 905 923 968 cicili
936 917 1239 969 LEGISLATIONEM
1253 904 1441 970 Ecclesiae

307 1017 386 1075 cota
402 1011 567 1094 religiosa
585 1021 805 1073 socrnnl'rau
823 1011 1063 1091 moderantem,
1081 1030 1210 1075 necnon
1225 1023 1346 1074 sonus
1362 1011 1440 1095 ipsi
1527 1099 1528 1102 Ἴ

306 1115 561 1200 respondentes.
1527 1195 1528 1200 ἵ

399 1221 543 1284 Veritas
559 1220 665 1302 hujus
679 1221 859 1302 juridicae
888 1223 1099 1288 assertionis
1127 1239 1261 1305 magna
1292 1225 1439 1306 perspi-

309 1329 447 1392 cuitate
463 1329 566 1408 nitet;
586 1329 773 1393 enimvero
802 1329 1090 1410 quamplurimae
1117 1329 1278 1394 rationes
1303 1331 1444 1394 afferri

309 1439 472 1517 possent,
488 1452 582 1517 quae
600 1433 884 1498 ineluctabiliter
900 1435 1114 1498 evincerent
1126 1435 1227 1516 leges
1243 1434 1445 1500 Ecclesiae
1527 1449 1528 1500 1

310 1547 401 1606 vota
426 1542 666 1624 evangelicae
683 1541 918 1624 perfectionis
933 1543 1156 1622 regulsntes,
1182 1547 1291 1624 atque
1308 1561 1447 1606 omnes
1527 1567 1528 1634 3

308 1653 477 1711 votorum
518 1649 673 1712 effectus
710 1649 793 1730 jure
838 1649 1014 1712 canonico
1054 1647 1313 1713 determinatos
1355 1667 1447 1714 esse
1527 1663 1528 1732 ζ

309 1755 562 1835 agnoscendos
577 1771 648 1819 non
662 1753 767 1818 modo
781 1754 817 1816 in
835 1755 1011 1818 societate
1024 1754 1286 1838 ecclesiastica,
1305 1773 1445 1820 verum
1527 1753 1528 1812 ἶ

311 1861 421 1924 etiam
452 1879 474 1924 a
492 1861 673 1924 saeculari
705 1865 887 1942 potestate
904 1866 941 1923 et
968 1861 1049 1941 lege
1077 1861 1190 1940 civili;
1224 1862 1444 1944 speciminis

310 1969 431 2049 gratia
464 1967 659 2033 nonnullas
677 1967 911 2048 probationes
927 1967 1078 2032 innuere
1096 1969 1255 2032 contenti
1282 1970 1442 2034 erimus:
1527 1951 1528 2032 l

309 2074 340 2153 8)
359 2074 420 2137 lex
452 2075 570 2139 civilis
595 2091 660 2156 per
688 2092 728 2139 se
746 2078 890 2138 tenetur
917 2091 1117 2154 agnoscere
1145 2075 1318 2157 quidquid
1350 2077 1443 2158 lege
1527 2111 1528 2114 π

310 2181 562 2245 ecclesiastica
581 2182 811 2245 constituitur
828 2185 867 2244 ut
890 2180 1163 2245 custodiendum
1180 2187 1216 2244 et
1233 2182 1442 2248 observan-

310 2286 394 2350 dum
412 2293 485 2350 tam
505 2289 540 2350 in
559 2288 638 2351 foro
667 2287 810 2350 interno
828 2303 936 2368 quarn
953 2287 989 2350 in
1008 2295 1171 2368 extern03
1197 2284 1230 2370 b)
1261 2291 1442 2370 quemad·
1527 2367 1528 2388 Χ

309 2393 455 2456 modum
474 2395 603 2474 cultus,
621 2397 658 2456 ut
675 2394 722 2456 sit
746 2394 781 2456 in
799 2393 976 2456 societate
992 2393 1099 2474 plene
1115 2393 1293 2476 publicus,
1308 2413 1376 2476 pro
1397 2415 1444 2462 se
1527 2411 1528 2466 1

302 2499 446 2563 ‘habere
462 2500 571 2564 debet
588 2499 678 2581 legis
695 2499 815 2562 civilis
833 2500 1130 2582 recognitionem,
1158 2501 1211 2564 ita
1226 2501 1336 2565 etiam
1350 2521 1443 2585 pro·
1527 2487 1528 2500 ¹

310 2609 421 2672 fessio
437 2608 685 2689 perfectionis,
701 2611 739 2670 ut
755 2607 802 2668 sit
818 2605 925 2687 plene
943 2606 1102 2685 socialis,
1134 2612 1243 2690 atque
1260 2627 1325 2690 per
1352 2628 1444 2677 eam
1527 2613 1528 2692 f

313 2713 413 2777 Deus
427 2733 449 2776 a
467 2716 643 2778 societate
660 2715 869 2792 honoretur,
888 2731 960 2776 non
978 2714 1093 2778 solum
1112 2715 1158 2778 ab
1176 2715 1354 2798 Ecclesia,
1370 2722 1444 2785 sed
1527 2703 1528 2708 ἵ

310 2822 460 2900 insuper
478 2839 500 2882 a
529 2820 656 2883 sociali
685 2819 903 2883 auctoritate
921 2825 957 2882 et
986 2820 1086 2884 civili
1113 2821 1195 2904 lege
1222 2823 1292 2887 erit
1322 2843 1445 2906 agno·
1527 2813 1528 2900 J

310 2927 459 3006 scenda3
486 2928 519 3010 ⁰)
551 2927 743 3008 denegatio
761 2925 937 3008 ejusmodi
968 2929 1226 3008 recognitionis
1257 2929 1444 3000 honorem

311 3033 475 3098 divinum
493 3051 539 3097 ex
567 3035 739 3115 religiosa
768 3033 994 3115 professione
1022 3033 1285 3101 redundantem
1311 3038 1444 3107 laede·
1527 3035 1528 3102 ξ

309 3143 379 3220 ret,
415 3139 592 3221 siquidem
622 3140 895 3202 imminueretur
926 3156 948 3200 a
979 3139 1155 3205 societate
1189 3143 1301 3224 civili,
1337 3161 1444 3226 quae
1527 3171 1528 3222 ς

307 3245 474 3326 profecto
493 3245 762 3310 indifferentem
779 3261 818 3308 se
831 3242 1026 3325 praeberet
1039 3244 1187 3311 divinae
1210 3248 1443 3317 ordinationi
1527 3257 1528 3320 ζ

311 3353 522 3431 religiosam
541 3352 803 3435 professionem
828 3350 935 3431 juxta
952 3350 1053 3432 leges
1080 3351 1268 3418 Ecclesiae
1285 3356 1442 3438 publice
1527 3433 1528 3438 ,

313 3459 483 3520 emissam
509 3459 685 3538 laudanti3
712 3455 746 3537 ἅ)
764 3455 918 3536 denique
941 3457 1099 3520 societas
1117 3459 1247 3538 civilis,
1267 3463 1298 3524 si
1314 3466 1442 3530 eccle·
1527 3513 1528 3524 ,

314 3563 500 3626 siasticum
535 3565 801 3646 legislationem
832 3562 901 3625 hac
933 3579 1043 3643 super
1075 3581 1115 3628 re
1147 3575 1338 3649 sperneret
1371 3574 1444 3637 vel
1527 3559 1528 3614 1

310 3669 610 3750 parvipenderet,
645 3687 837 3753 supremae
868 3667 937 3731 Dei
974 3672 1192 3736 ordinationi
1228 3675 1441 3760 resisteret,

315 3774 608 3856 quandoquidem
636 3793 682 3840 ex
699 3777 824 3842 divine
851 3780 1053 3845 intentione
1084 3781 1241 3845 societas
1271 3779 1445 3849 humana
1527 3805 1528 3814 ³

312 3881 553 3945 materialiter
585 3899 669 3964 una,
699 3883 762 3947 scd
792 3885 995 3951 formaliter
1027 3887 1174 3968 duplex,
1204 3888 1291 3970 quia
1321 3887 1442 3955 iidem
1527 3953 1528 3968 ,

312 3987 477 4051 homines
492 3993 527 4050 et
544 3987 729 4052 societatis
747 3991 865 4057 civilis
884 3999 919 4058 et
935 3993 1122 4058 Ecclesiae
1146 3992 1252 4057 simul
1268 3995 1443 4062 membra
1527 3981 1528 4016 ³

309 4097 407 4170 sunt,
427 4094 478 4156 ito
495 4095 691 4158 constituta
708 4113 788 4160 esse
813 4097 931 4181 debet,
955 4107 993 4164 ut
1013 4099 1182 4163 societati
1197 4099 1381 4182 superiori
1400 4107 1444 4168 et
1527 4091 1528 4162 j

307 4199 557 4264 nobilissimae
574 4200 681 4264 finem
712 4219 919 4284 supremum
948 4211 985 4269 et
1002 4209 1191 4270 aeternum
1214 4206 1361 4270 curanti
1378 4225 1441 4274 su·

306 4304 535 4370 bordinetur.
