3038 4994
792 365 971 424 -212-

320 515 394 574 tem
407 528 479 575 non
496 508 602 574 modo
618 525 700 573 esse
714 507 763 573 ad
787 509 945 573 invicem
963 509 1071 591 plene
1089 507 1355 590 competibiles,
1386 525 1448 572 ve·
1504 513 1505 526 ¹

321 635 400 681 rum
419 617 529 682 etiam
556 615 759 680 arctissimo
791 633 885 679 nexu
915 620 951 680 et
969 615 1085 680 amico
1117 612 1266 678 foedere
1293 615 1390 678 inter
1409 630 1453 684 se
1504 667 1505 680 ,

322 723 502 804 connecti;
517 723 621 804 ratio,
641 722 726 804 qnia
742 726 905 804 potestas
937 722 1137 804 spiritualis
1165 738 1237 784 non
1267 721 1385 785 solum
1402 719 1450 784 ad

322 831 454 895 bonum
471 828 660 911 spirituale
676 831 740 891 aut
757 827 1086 892 sanctificationem
1118 827 1322 892 animarum
1356 826 1447 890 dire·
1504 827 1505 836 ‘

322 941 380 1002 cte
397 935 597 1014 ordinatur,
616 934 681 1000 sed
698 935 807 998 ctiam
820 933 866 998 ad
883 934 1015 999 bonum
1032 935 1234 1016 temporale
1246 934 1300 998 illi
1317 941 1449 998 nature

322 1060 388 1108 sua
400 1041 689 1122 subordinatum,
704 1039 773 1104 hoc
788 1045 856 1120 est,
877 1040 923 1104 ad
937 1041 1150 1105 felicitatem
1164 1041 1201 1105 in
1218 1040 1288 1106 hac
1304 1057 1451 1123 quoque

322 1149 399 1215 vita
413 1147 698 1229 comparandam
715 1147 896 1212 indirecte
909 1147 1019 1226 ducit;
1034 1149 1261 1231 cooperientia,
1277 1147 1449 1228 quoniam

322 1271 369 1318 ex
385 1253 567 1336 frequenti
585 1253 842 1318 observatione
873 1254 928 1318 fas
958 1257 1014 1318 est
1041 1253 1215 1335 colligere
1232 1253 1269 1316 in
1286 1251 1452 1334 qualibet
1504 1313 1505 1316 ,

322 1359 472 1442 politica
489 1357 664 1422 societate
681 1364 831 1422 eatenus
845 1358 945 1422 cives
959 1359 1148 1422 honestate
1158 1376 1311 1441 morum,
1326 1367 1451 1422 mutua

318 1466 453 1547 jurium
467 1466 676 1528 reverentia
704 1473 740 1527 et
768 1465 940 1546 religiosa
970 1465 1172 1530 officiorum
1190 1464 1451 1547 adimpletione
1504 1519 1505 1526 ,

322 1573 493 1652 emicare,
512 1577 691 1652 quatenus
708 1575 871 1650 potestas
899 1589 1007 1635 sacra
1024 1579 1060 1636 et
1078 1573 1333 1636 ecclesiastica
1348 1589 1448 1652 prae·
1504 1629 1505 1646 ,

322 1679 434 1756 valet,
454 1695 538 1741 suas
556 1678 703 1740 nativas
720 1677 819 1740 vires
849 1679 1025 1760 explicat,
1051 1683 1163 1761 atque
1179 1679 1384 1743 salutarem
1399 1678 1447 1742 in·

321 1785 456 1848 fluxum
474 1785 511 1846 in
528 1783 654 1847 ordine
672 1783 800 1847 sociali
819 1785 949 1847 exerit.
1504 1863 1505 1868 ἵ

410 1889 462 1953 3.⁰
509 1889 674 1970 Denique
711 1891 932 1953 consociatio
965 1890 1136 1971 politicae
1185 1895 1222 1952 ct
1254 1889 1450 1971 religiosae

322 1997 514 2078 potestatis
538 1996 574 2060 in
599 1996 726 2060 eadem
760 2013 917 2078 persona
938 1997 1012 2076 juri
1043 1996 1345 2078 divino-positivo
1379 2012 1445 2058 non
1504 2029 1505 2056 r

322 2105 543 2184 refragatur,
564 2103 650 2184 quin
684 2104 792 2166 etiam
826 2121 871 2166 ex
904 2101 1025 2166 Sacris
1055 2103 1243 2183 utriusque
1274 2101 1449 2165 Foederis·

321 2209 468 2274 Litteris
497 2203 719 2272 contrarium
753 2208 897 2272 videtur
927 2208 1224 2288 conjici;etcnim
1253 2208 1290 2270 in
1324 2207 1444 2270 Veteri

321 2317 553 2381 Testamento
567 2315 667 2378 nulle
681 2315 861 2396 reperitur
876 2315 948 2395 lex,
964 2332 1035 2396 qua
1049 2313 1285 2395 prohibeatur
1296 2311 1444 2387 laudata

322 2422 543 2502 conjunctio,
561 2421 625 2484 sed
643 2439 663 2484 e
681 2425 811 2484 contra
827 2422 863 2484 in
883 2419 1016 2485 Genesi
1030 2421 1223 2484 exhibetur
1240 2421 1445 2502 exemplum
1504 2429 1505 2508 ᾗ

321 2527 601 2607 Melchisedech,
622 2529 682 2609 qni
700 2527 806 2591 simul
824 2528 946 2590 extitit
973 2527 1152 2591 Sacerdos
1170 2533 1206 2591 ct
1223 2527 1313 2606 Rex,
1334 2545 1378 2590 ec
1394 2530 1443 2606 ty·

321 2650 388 2714 pus
405 2634 472 2694 fuit
486 2631 618 2696 Christi
636 2633 780 2696 Domini
809 2633 917 2715 juxta
951 2635 1139 2698 notissima
1173 2634 1300 2696 verba:
1335 2633 1386 2696 Ta
1412 2651 1447 2695 ce

320 2737 490 2804 Sacerdos
508 2741 544 2803 ia
562 2747 738 2805 aeternum
752 2741 938 2804 secundum
955 2741 1110 2805 ordinem
1125 2740 1372 2805 Melchisedech
1386 2741 1444 2819 (1);
1504 2751 1505 2790 3

321 2861 475 2925 habetur
489 2862 637 2943 insuper
654 2863 791 2926 factum
805 2863 1131 2928 luculentissimum
1150 2864 1443 2942 Machabeorum,
1504 2833 1505 2906 3

322 2967 383 3049 qni
399 2967 545 3030 fuerunt
574 2966 707 3030 Summi
732 2967 947 3032 Sacerdotes
966 2975 1002 3032 et
1019 2969 1246 3050 reipublicae
1275 2969 1446 3050 jndaicae
1504 3009 1505 3040 ,

320 3073 521 3154 Principes,
552 3073 640 3135 etin
659 3073 728 3137 hac
747 3073 923 3155 dignitate
955 3080 1242 3157 perseverarunt
1270 3073 1442 3158 usquead
1504 3075 1505 3094 l

321 3177 519 3242 Hircanum
532 3184 568 3241 et
586 3177 845 3260 Aristobulum,
880 3197 969 3261 quos
988 3180 1125 3246 devicit
1142 3180 1350 3263 Pompejus.
1369 3181 1444 3261 Age
1504 3181 1505 3192 *

318 3285 406 3366 Jam,
426 3284 633 3364 conjunctio
652 3285 838 3367 utriusque
852 3285 1040 3367 dignitatis
1058 3305 1188 3351 sacrae
1217 3293 1254 3351 et
1272 3287 1391 3351 civilis
1408 3287 1442 3348 in
1504 3305 1505 3308 ¹

322 3389 448 3453 eodem
479 3389 643 3470 subjecto
674 3407 785 3470 penes
814 3391 999 3471 judaicum
1028 3394 1201 3474 populum
1235 3395 1440 3475 neutiquam
1504 3431 1505 3442 κ

321 3495 548 3575 obtinuisset,
575 3495 710 3576 siquid
738 3498 960 3560 contrarium
989 3499 1060 3562 hac
1087 3517 1198 3581 super
1226 3517 1267 3563 re
1300 3499 1338 3563 in
1365 3499 1444 3578 lege
1504 3495 1505 3560 ζ

321 3599 482 3662 Moesica
499 3599 708 3678 haberetur,
1504 3605 1505 3684 j

411 3703 537 3783 Quoad
554 3705 666 3770 libros
684 3705 777 3770 Novi
791 3707 1027 3791 Testamenti,
1043 3711 1123 3774 sive
1142 3709 1347 3794 Evangelia
1363 3729 1438 3776 con·

317 3811 493 3891 ¹sulamus,
513 3811 591 3875 sive
609 3812 865 3893 Apostolorum
898 3815 1036 3897 scripta
1054 3817 1284 3900 evolvamus,
1305 3836 1351 3883 ne
1366 3833 1444 3882 ver·

320 3918 404 3981 bum
423 3916 566 3999 quidem
592 3919 828 4002 reperiemus,
858 3919 896 3984 in
925 3939 995 4003 quo
1025 3921 1069 3986 de
1098 3924 1357 4004 conjunctione
1383 3923 1445 3988 aut

389 4249 426 4313 (l)
462 4247 508 4302 Ps.
521 4243 597 4313 CIX,
611 4251 636 4300 4.
