3062 4994
785 317 963 375 ..144-

312 460 461 545 quitatis
492 459 732 526 monumentis
775 459 966 526 evidenter
1008 459 1192 542 colligitur
1222 458 1437 542 Apostolos,

312 565 489 648 concilia,
508 565 673 631 Summos
689 565 882 630 Pontifices
914 572 951 630 et
979 565 1180 648 Episcopos
1208 563 1440 647 Disciplinae

313 691 473 738 canones
487 677 664 756 perpetuo
677 677 715 737 et
727 673 915 738 exclusive
926 673 1141 754 condidisse,
1155 691 1297 738 necnon
1311 691 1440 736 eorum
1510 677 1511 756 j

313 785 534 864 potestatem
552 797 737 863 nunquam
754 782 800 844 ab
817 781 891 844 ullo
905 780 1085 846 catholico
1098 779 1283 862 scriptore
1298 781 1335 844 in
1354 797 1440 844 con·
1510 767 1511 830 Ϊ

313 887 531 953 troversiam
548 886 744 950 adductam
778 903 870 968 esse;
886 903 956 968 age
971 887 1061 968 jam,
1076 885 1343 967 juxtaauream
1353 885 1441 950 Ter·
1510 969 1511 976 ἵ

313 993 458 1058 tulliani
475 993 706 1073 sententiam,
719 1009 828 1074 quam
841 992 922 1058 heic
938 993 1105 1074 prolerre
1114 992 1221 1073 jubat
1233 991 1280 1055 ad
1293 1009 1442 1056 errores
1510 993 1511 1044 ἱ

314 1099 581 1164 neotericorum
622 1098 847 1179 evellendos,
893 1099 1128 1165 novissimum
1171 1097 1441 1180 Regalistarum
1510 1167 1511 1180 ,

315 1209 557 1276 commentum
570 1205 689 1270 veteri
705 1203 892 1268 traditioni
906 1206 1015 1286 plane
1033 1203 1262 1283 adversatur,
1283 1204 1443 1286 ideoque
1510 1219 1511 1252 t

315 1320 500 1394 tamquam
517 1319 721 1377 extraneam
738 1317 774 1375 et
784 1313 916 1396 salsum
933 1311 1138 1376 habendum
1155 1315 1222 1374 est:
1241 1311 1285 1374 Id
1307 1312 1442 1376 scilicet

314 1441 386 1484 eece
400 1421 609 1484 dominicum
622 1427 655 1484 et
670 1440 800 1499 verum,
832 1419 922 1503 qnod
944 1421 990 1484 eit
1000 1420 1107 1504 prins
1124 1419 1303 1498 traditam
1322 1417 1365 1482 id
1381 1439 1441 1483 an·

315 1535 380 1591 tene
399 1534 598 1592 extraneum
614 1533 645 1590 et
658 1525 800 1610 falsum,
816 1527 905 1610 qnod
921 1528 967 1592 eit
978 1527 1154 1612 posteriue
1170 1527 1366 1591 immieenm
1380 1525 1438 1608 (1).

406 1633 577 1696 Doctrina
594 1631 848 1718 Theolopornm.
867 1633 967 1696 Inter
986 1639 1039 1698 tot
1055 1633 1273 1713 testimonia,
1291 1649 1389 1714 quae
1405 1633 1440 1694 in
1510 1635 1511 1722 ]

317 1735 428 1800 thesis
445 1737 756 1802 confirmationem
770 1739 898 1802 afferri
912 1746 1071 1822 possent,
1088 1739 1191 1804 nobis
1205 1739 1328 1821 placet
1342 1738 1440 1801 lucu·
1510 1735 1511 1786 l

316 1845 518 1908 lentissima
558 1845 598 1909 B.
634 1843 839 1910 cardinalis
871 1846 1054 1912 Thomasii
1086 1846 1202 1911 verba
1241 1844 1438 1909 adducere:

319 1947 469 2033 “Opinio
497 1968 636 2032 eorum,
669 1953 785 2033 inquit
812 1952 871 2017 hic
903 1955 1116 2035 praeclarus
1148 1951 1354 2033 theologus,
1380 1951 1440 2032 qui
1510 1983 1511 2024 3

316 2057 545 2140 Principibus
563 2063 783 2140 potestatem
811 2059 974 2123 tribuunt
1006 2059 1238 2124 ferendarum
1256 2058 1381 2139 legum
1397 2057 1440 2119 de
1510 2065 1511 2150 i

316 2172 460 2230 caterno
476 2166 676 2248 disciplina,
693 2165 778 2229 mihi
791 2166 936 2230 videtur
949 2168 1137 2231 continere
1153 2167 1323 2231 haeresim
1336 2183 1439 2249 oppa·
1510 2161 1511 2234 l

315 2276 418 2339 eiiam
435 2275 637 2339 revelationi
664 2275 816 2356 divinae,
835 2292 942 2356 quam
974 2275 1077 2338 nobis
1094 2273 1270 2338 Dominus
1289 2271 1439 2335 manile·
1510 2335 1511 2358 ,

317 2381 431 2444 stavit
442 2381 480 2444 in
494 2381 595 2444 libris
610 2381 695 2445 novi
708 2381 942 2446 Testamenti.
957 2380 1159 2463 Disciplina
1168 2381 1265 2444 enim
1278 2379 1439 2442 exterior
1510 2359 1511 2398 ³

318 2491 354 2550 et
382 2487 536 2550 visibilis
555 2485 743 2551 Ecclesiae
759 2489 829 2552 sita
847 2489 954 2552 estin
985 2487 1162 2570 regimine
1179 2485 1371 2550 Ecclesiae
1388 2485 1438 2549 vi·
1510 2469 1511 2474 ¹

318 2593 444 2673 sibilis;
464 2593 559 2674 qnod
576 2594 739 2676 regimen
757 2611 829 2658 non
846 2594 964 2676 homo,
984 2595 1048 2660 sed
1063 2595 1160 2658 Deus
1177 2611 1250 2658 non
1266 2593 1435 2675 Regibus,
1510 2599 1511 2624 i

318 2698 382 2763 sed
399 2699 589 2780 Episcopis
607 2699 718 2780 dedit,
739 2705 777 2764 ut
794 2699 892 2764 Deus
909 2702 987 2783 ipse
1004 2701 1187 2768 revelavit
1204 2717 1270 2783 per
1287 2716 1327 2763 os
1346 2699 1438 2780 Apo·
1510 2699 1511 2774 ζ

317 2803 402 2868 stoli
419 2803 584 2868 dicentis:
601 2805 788 2870 Attendite
805 2807 909 2871 vobis
938 2811 975 2872 et
991 2809 1163 2872 universo
1180 2805 1296 2889 gregi,
1315 2807 1353 2869 in
1370 2821 1437 2887 quo
1510 2849 1511 2874 2

318 2929 386 2978 vos
402 2909 557 2993 Spiritus
571 2909 725 2976 Sanctus
739 2914 858 2994 posuit
872 2913 1071 2998 Episcopos
1103 2933 1219 3000 repere
1236 2913 1438 2978 Ecclesiam
1510 2943 1511 3006 ᾗ

318 3019 407 3104 Dei,
428 3019 490 3101 (2).
1510 3021 1511 3082 ἶ

410 3125 585 3213 Confessio
597 3126 892 3192 adversariorum.
940 3127 1057 3193 Valde
1075 3131 1360 3192 consentaneum
1378 3126 1437 3191 du·
1510 3113 1511 3202 i

319 3233 445 3313 cimus,
465 3249 546 3296 cum
564 3233 609 3298 de
626 3231 829 3315 Disciplina
856 3238 1009 3300 externa
1037 3233 1225 3299 Ecclesiae
1250 3232 1385 3314 agitur,
1403 3233 1438 3294 in

320 3340 531 3406 memoriam
562 3341 819 3422 regalistarum
858 3357 902 3404 ac
921 3342 1231 3422 ¹jansenianorum
1262 3355 1437 3405 revocare
1510 3329 1511 3408 i

319 3447 671 3529 praestantissimam
689 3448 954 3512 confessionem
985 3448 1174 3530 scriptoris
1207 3447 1352 3512 minime
1384 3461 1437 3508 su·

319 3553 448 3634 specti,
466 3552 652 3631 videlicet,
668 3553 897 3618 celeberrimi
913 3553 1106 3636 Beveregii
1122 3555 1218 3619 inter
1231 3553 1436 3617 Protestan·
1510 3545 1511 3624 Ϊ

319 3662 374 3723 tes
391 3657 581 3739 notissimi,
601 3659 662 3740 qui
678 3659 730 3723 ita
743 3659 910 3743 apposite
929 3659 992 3724 ait:
1010 3659 1067 3725 “Sl
1083 3659 1128 3725 de
1156 3659 1226 3724 flde
1250 3659 1437 3741 loquamur

320 3763 534 3844 christiane,
554 3767 591 3828 et
606 3765 748 3846 legibus
762 3765 808 3830 ad
821 3766 1108 3832 ecclesiasticam
1125 3763 1375 3850 spectantibus
1389 3761 1436 3826 di·

319 3955 505 3967 ——

390 4119 430 4184 (1)
465 4115 835 4188 Deprancn'p.cap.XX1.

392 4187 431 4256 (2)
467 4189 546 4243 Tem.
561 4191 628 4254 VH,
644 4188 741 4258 Oprrsc.
755 4191 797 4244 te.
