3028 4992
755 383 935 442 -342-

282 526 362 590 sive
375 527 561 592 predictum
579 526 675 591 omni
689 543 823 607 genere
841 531 986 592 actuum
1005 530 1041 592 st
1069 527 1250 592 actionum
1269 529 1414 592 consti·

179 665 180 670 κ
283 635 411 710 tuturn;
430 632 558 696 relatio
573 631 731 712 juridica
747 649 811 696 seu
828 649 940 696 causa
958 633 1120 698 efficiens
1143 634 1418 716 obligationum

283 736 618 801 internetionalium
643 737 797 801 habetur
813 738 847 801 in
868 741 985 820 pactis
1003 745 1066 803 aut
1094 741 1341 805 contractibus
1373 745 1421 804 et

283 843 652 925 quasi-contractibus
667 843 762 924 apud
777 845 942 909 nationes
957 846 1068 909 initis.

374 949 427 1012 13.
477 947 603 1028 Quoad
621 950 833 1031 qualitatem
852 968 915 1013 seu
933 950 1091 1014 indolem
1115 951 1212 1015 Juris
1243 951 1414 1016 Interna-

284 1054 430 1118 tionalis
457 1055 608 1136 Publici,
627 1073 672 1120 ex
693 1057 825 1137 triplici
839 1057 959 1137 capite
993 1057 1222 1122 manifestum
1259 1059 1298 1122 fit
1316 1059 1416 1122 illud

284 1161 440 1224 nondum
471 1163 731 1243 perfectionem
750 1163 927 1244 attigisse,
946 1163 1010 1227 sed
1041 1164 1078 1227 in
1112 1166 1414 1246 praesentiarum

285 1268 384 1332 vitiis
410 1269 575 1350 juridicis
594 1269 742 1334 adolere
760 1271 952 1352 multisque
971 1272 1097 1334 naevis
1115 1275 1271 1335 scatere:
1292 1271 1341 1334 l.⁰
1359 1288 1416 1334 ex

285 1374 431 1438 defectu
449 1377 651 1455 sanctionis,
668 1377 752 1458 quia
777 1375 906 1439 desunt
923 1375 1120 1440 tribunalia
1146 1377 1413 1440 internetione·

285 1482 336 1546 lia
354 1499 419 1563 pro
439 1483 602 1562 urgenda
619 1481 878 1564 adimpletione
892 1483 1101 1564 pactionum
1119 1488 1155 1546 et
1171 1482 1415 1546 observantia

286 1589 420 1670 legum3
440 1589 493 1652 29
512 1607 556 1652 ex
571 1589 714 1653 delectu
733 1590 970 1674 lepisiotionia,
984 1591 1118 1653 etenim
1132 1589 1288 1653 noudum
1303 1589 1419 1654 adest

286 1694 402 1758 codex
420 1696 712 1759 internetionalis
730 1697 789 1777 qui
808 1702 957 1760 cunctos
975 1695 1097 1760 Status
1129 1695 1415 1776 complectatur,

286 1819 421 1883 cosque
437 1802 473 1864 in
492 1803 653 1884 quolibet
670 1819 756 1865 casu
774 1802 989 1884 particulari
1008 1802 1145 1882 adigat3
1160 1801 1212 1864 3.⁰
1236 1819 1282 1864 ex
1310 1800 1413 1864 defe-

286 1913 346 1971 ctu
371 1909 653 1991 orqanizotionis,
689 1909 823 1990 quippe
840 1926 912 1972 non
944 1909 1070 1972 existit
1092 1907 1214 1972 Status
1245 1907 1413 1970 Interna-

286 2014 432 2078 tionalis
449 2033 511 2078 seu
526 2013 688 2078 Societas
703 2014 948 2079 Ethnarchica
961 2015 1110 2096 proprie
1124 2013 1233 2096 dicta,
1249 2019 1415 2095 potesta-

287 2127 323 2184 te
337 2139 506 2201 suprema
520 2129 556 2183 et
574 2121 783 2202 legislativa
799 2121 989 2185 instructa.

375 2226 641 2290 Praecedentes
674 2227 858 2291 observat
834 2233 949 2291 tiones
985 2231 1113 2308 aperte
1132 2226 1328 2290 ostendunt
1342 2225 1364 2290 J
1369 2245 1415 2290 us

286 2332 607 2397 Internationale
598 2351 635 2396 1n
659 2333 843 2414 praesenti
860 2351 979 2397 rerum
1006 2332 1213 2396 conditione
1239 2333 1414 2414 imperto

287 2445 396 2519 ctum,
415 2440 683 2521 incomplctum,
702 2440 1008 2521 embryonarium,
1031 2446 1069 2502 ut
1082 2439 1134 2502 ita
1161 2437 1293 2520 dicam,
1313 2455 1415 2519 esse;

286 2546 351 2610 sed
368 2546 512 2609 minime
530 2546 714 2610 sufficiunt
730 2546 777 2608 ad
808 2545 1035 2610 infitiandum
1055 2546 1132 2626 ejus
1161 2545 1412 2626 existentiam3

287 2653 419 2714 etenim
444 2653 563 2714 sinon
582 2651 686 2716 adest
705 2652 846 2716 sanctio
864 2670 927 2715 seu
945 2652 1087 2716 coactio
1116 2651 1263 2732 proprie
1293 2651 1410 2730 dicta,

287 2773 354 2838 per
383 2757 580 2820 tribunalia
610 2737 909 2822 internetionalia
945 2757 1144 2840 applicata,
1176 2757 1211 2820 in
1238 2769 1413 2838 promptu

287 2869 371 2926 sunt
408 2862 585 2944 quaedam
617 2863 736 2927 media
761 2865 961 2928 coercitiva
989 2863 1104 2928 veluti
1137 2863 1411 2942 hostimentum,

287 2971 541 3052 sequestratio,
561 2979 645 3050 etc,
665 2979 701 3033 et
732 2971 812 3035 loco
841 2971 1076 3035 tribunalium
1109 2971 1209 3052 viget
1239 2971 1415 3034 collectio

286 3077 508 3158 regularum,
529 3077 826 3141 consuetudinum
858 3057 967 3160 atque
997 3078 1291 3157 conventionum,
1323 3095 1413 3158 qua-

287 3200 367 3246 rum
384 3183 620 3247 observantia
636 3183 761 3246 mediis
774 3184 847 3246 illis
861 3183 1038 3247 coactivis
1052 3183 1210 3264 exigitur
1227 3191 1263 3246 et
1282 3199 1411 3262 procu-

288 3295 403 3370 ratur3
433 3291 463 3352 si
481 3307 552 3354 non
570 3295 692 3353 exstat
719 3289 834 3353 codex
863 3289 1168 3370 internetionalis,
1199 3289 1236 3352 in
1252 3287 1415 3352 infantia

289 3397 504 3477 populorum
519 3396 662 3460 codices
681 3413 752 3459 non
783 3395 1073 3477 reperiebantur,
1108 3400 1144 3459 et
1174 3399 1297 3459 tamen
1326 3395 1415 3476 jure

288 3519 362 3564 non
379 3502 566 3581 carebant,
586 3503 670 3583 quia
684 3501 780 3584 apud
793 3509 943 3566 cunctas
960 3509 1088 3584 gentes
1101 3503 1161 3583 jtts
1180 3501 1408 3566 consuetudi·

289 3607 443 3687 narium,
470 3607 754 3671 institutionibus
773 3613 810 3671 st
828 3608 949 3672 usibus
965 3609 1211 3672 nationalibus
1229 3607 1412 3687 fulcitum,

289 3713 471 3795 antiquius
485 3719 541 3777 est
558 3715 638 3794 lege
652 3715 801 3795 scripta;
821 3714 851 3777 si
865 3713 1006 3778 deinum
1024 3717 1183 3779 nondum
1209 3715 1413 3779 constituta

290 3827 345 3882 est
358 3823 408 3898 (et
424 3820 577 3883 forsitan
606 3837 790 3902 uunquam
803 3821 1056 3900 constituetur)
1083 3821 1240 3886 societas
1265 3821 1412 3885 ethner·

290 3925 394 3990 chica
411 3927 641 4007 universalis,
675 3927 837 4008 practice
854 3943 899 3990 ac
916 3928 1073 3990 relative
1106 3927 1256 3992 diffiteri
1285 3929 1415 4009 nequit

290 4029 485 4110 aliqualem
514 4031 821 4094 consociationem
853 4032 1173 4096 internetionalem
1192 4034 1229 4097 in
1264 4019 1415 4114 Europa

290 4135 460 4215 existere,
493 4151 634 4199 necnon
652 4136 984 4218 praestantissimos
1003 4136 1228 4220 congressus
1251 4139 1411 4202 interna-

291 4239 447 4302 tionales
463 4257 542 4303 esse
560 4246 802 4322 congregatos
817 4259 881 4322 pro
894 4234 978 4324 jur'e
995 4245 1269 4310 conventionaii
1284 4245 1319 4310 in
1331 4241 1414 4308 Sta·

291 4345 388 4410 tibus
405 4343 581 4428 Europeis
597 4347 827 4412 stabiliendo.
