3062 4994
794 411 972 471 -156-

322 555 551 622 auctoritatis
566 556 827 636 emanationes3
850 551 885 638 b)
914 554 1139 638 organicatto
1164 555 1354 641 collegiatis
1384 573 1455 620 eo·
1512 633 1513 638 ἵ

323 661 485 726 rumdam
513 662 691 744 graduum
706 663 1095 750 capraspiscopalium,
1126 661 1262 726 etenim
1290 663 1456 744 singulis
1512 671 1513 674 ’

322 767 496 850 gradibus
513 769 705 850 potestatis
722 769 1070 852 supra-episcopalis
1087 768 1309 851 respondent
1333 768 1455 834 colle·
1512 765 1513 840 ζ

323 875 384 956 gia
399 873 601 956 Pastorum,
621 875 769 958 quaein
786 873 957 940 Oonoiliis
985 874 1147 940 adunata
1174 873 1275 956 leges
1305 875 1453 954 ferunt;

323 981 408 1046 binc
425 981 581 1046 concilia
605 983 845 1066 provincialia
871 982 938 1048 sub
970 981 1216 1064 metropolita,
1246 982 1454 1047 sationalia

323 1085 390 1152 sub
407 1087 563 1169 primate
580 1087 640 1154 vel
656 1087 881 1171 patriarcha3
914 1105 1008 1170 quas
1032 1089 1172 1170 pariter
1187 1087 1344 1169 collegia
1361 1105 1453 1152 cum

323 1193 396 1258 sint
413 1193 688 1258 ecclesiasticae
705 1195 869 1276 originis,
889 1194 995 1259 modo
1010 1193 1236 1276 ampliorem,
1256 1194 1360 1259 modo
1381 1195 1453 1260 mi·
1512 1257 1513 1272 ἶ

325 1299 742 1366 noremhabueruntvel
758 1300 894 1366 habent
919 1301 1186 1382 auctoritatem,
1212 1301 1319 1382 iuxta
1345 1319 1452 1366 men·
1512 1341 1513 1394 f

324 1421 447 1470 suram
464 1405 675 1472 Pontificius
691 1407 950 1486 concessionis
972 1409 1006 1486 ⁰)
1022 1407 1249 1490 organizatio
1266 1407 1451 1490 graduum
1512 1423 1513 1470 3

323 1514 707 1598 supra-cpiscopolinm,
726 1514 786 1596 qui
809 1515 1013 1598 personales
1040 1519 1229 1596 vocantur,
1249 1519 1376 1596 utpote
1391 1515 1449 1596 ju·
1512 1581 1513 1590 ,

324 1617 535 1684 risdictione
567 1619 753 1702 pontificia
781 1620 951 1702 delegata
981 1620 1155 1702 insigniti,
1175 1637 1257 1686 cum
1285 1627 1452 1702 nequeat

324 1725 404 1805 ipse
431 1725 613 1792 Romanus
631 1726 800 1792 Pontifex
825 1727 1069 1809 personaliter
1085 1727 1280 1808 invigilare
1297 1727 1448 1809 ubique,

325 1829 583 1914 Ecclesiasque
628 1849 752 1898 omnes
791 1833 956 1913 visitare;
1008 1832 1213 1915 hujusmodi
1252 1833 1451 1898 habendae

325 1940 409 2000 sunt
426 1938 553 2002 variae
579 1937 799 2020 Legatorum
817 1939 972 2021 species,
990 1939 1071 2004 sire
1097 1938 1146 2014 hi
1166 1939 1450 2006 eoncordiaorii

324 2042 409 2120 sint,
447 2043 627 2128 nimirum,
657 2044 704 2108 ad
736 2045 922 2127 peculiare
952 2045 1138 2126 negotium
1178 2043 1449 2128 expediendum

325 2151 436 2232 missi,
453 2169 604 2233 quorum
628 2151 780 2234 proinde
798 2153 955 2216 officium
970 2153 1136 2216 absoluto
1162 2153 1306 2234 negotio
1325 2152 1446 2234 exspi·
1512 2181 1513 2236 p

325 2261 395 2340 rat,
424 2259 526 2322 velut
556 2257 685 2341 Legati
714 2278 736 2323 a
753 2258 905 2322 Summis
934 2259 1167 2324 Pontificibus
1196 2259 1373 2324 nominati
1400 2259 1449 2323 ad
1512 2239 1513 2312 ἶ

324 2363 490 2444 cogenda
508 2365 697 2446 generalia
715 2364 890 2446 Concilio,
909 2365 1036 2447 eisque
1053 2363 1344 2446 praesidendum,
1363 2367 1448 2432 sive
1512 2365 1513 2378 ³

324 2471 501 2536 ordinarii
526 2471 671 2553 luerint,
690 2489 834 2554 nempe,
860 2490 932 2536 non
962 2476 1102 2536 tantum
1129 2471 1239 2536 alicui
1266 2472 1448 2554 peculiari

325 2577 472 2658 negotio
491 2577 637 2658 addicti,
657 2577 721 2642 sed
737 2577 784 2642 ad
801 2595 1048 2660 quascumque
1065 2595 1195 2643 causas
1224 2578 1447 2644 ecclesiasti·
1512 2587 1513 2654 ξ

325 2701 390 2746 cas
422 2684 534 2764 missi,
553 2701 706 2766 quorum
738 2683 874 2748 idcirco
907 2685 1065 2748 osticium
1096 2684 1302 2750 diuturnum
1334 2689 1448 2768 atque
1512 2721 1513 2750 r

326 2793 541 2868 perpetuum
574 2794 754 2870 censetur;
789 2790 894 2872 hujus
927 2791 1072 2872 generis
1110 2791 1257 2856 fuerunt
1284 2792 1447 2873 antiquis

326 2895 548 2974 temporibus
575 2894 818 2976 Responsales
851 2913 915 2960 sen
944 2895 1178 2980 Apocrisarii,
1208 2898 1269 2980 qui
1297 2899 1446 2964 assidue
1512 2975 1513 2980 ἵ

325 2998 423 3080 apud
440 2998 627 3080 Principes
644 3000 772 3082 Legati
787 3006 904 3079 erant,
921 3007 959 3066 ut
972 3002 1093 3066 omnia
1108 3020 1201 3082 quae
1215 3009 1448 3084 emergerent
1512 3011 1513 3092 j

295 3104 299 3112 '
325 3106 473 3187 negotia
491 3107 715 3188 expedirent,
730 3113 767 3171 et
786 3125 964 3189 responsa
980 3125 1044 3172 sen
1073 3108 1245 3172 mandata
1270 3123 1446 3191 exseque-

326 3219 450 3277 rentur
469 3229 591 3277 eornm
611 3213 778 3294 aquibus
796 3213 894 3276 missi
923 3213 1080 3294 fuerant3
1101 3230 1123 3275 a
1141 3213 1170 3276 V
1198 3211 1245 3276 ad
1261 3213 1313 3278 IX
1330 3231 1446 3296 usque

325 3319 510 3384 saeculum
540 3319 673 3384 Vicarii
690 3316 890 3402 Apostolici,
909 3319 970 3401 qui
997 3319 1142 3384 nomine
1175 3317 1359 3384 Pontificis
1379 3339 1444 3384 au·

326 3427 529 3490 ctoritatem
547 3426 922 3508 supra-episcopalem
936 3425 1004 3490 sibi
1022 3425 1266 3507 personaliter
1280 3428 1444 3490 commis·
1512 3441 1513 3454 ¹

326 3550 404 3596 sam
418 3533 454 3596 in
468 3533 718 3598 determinatis
732 3533 931 3614 provinciis
964 3533 1189 3598 exercebant
1202 3538 1239 3616 (a
1250 3533 1304 3598 IX
1317 3533 1363 3598 ad
1378 3533 1446 3598 XV
1512 3555 1513 3614 3

326 3637 511 3702 saeculum
527 3639 762 3704 invaluerunt
778 3639 898 3724 Lepoti
922 3642 997 3705 nati
1014 3657 1078 3704 seu
1096 3640 1285 3722 Primates,
1305 3641 1366 3722 qui
1402 3657 1446 3705 ex
1512 3627 1513 3714 i

326 3743 481 3808 Vicariis
509 3744 729 3826 Apostolicis
764 3746 940 3827 originem
957 3745 1152 3824 duxerunt,
1182 3764 1266 3811 nam
1297 3745 1445 3827 qnidam

325 3849 497 3932 Episcopi
514 3851 728 3930 quibusdam
756 3851 957 3916 illustribus
975 3853 1185 3917 civitatibus
1210 3853 1445 3935 praesentiat

325 3955 395 4020 hoo
423 3973 572 4020 munere
596 3956 771 4037 decorati,
801 3957 1048 4024 Ecclesiarum
1075 3976 1222 4024 suarum
1251 3963 1444 4039 praetextu

326 4061 379 4124 ita
408 4061 602 4142 legationis
629 4061 803 4126 honorem
835 4063 904 4128 sibi
947 4063 1192 4145 vindicarunt,
1228 4069 1267 4130 ut
1299 4063 1445 4129 tandem

326 4168 490 4248 generali
528 4169 763 4234 concessione
798 4175 860 4234 aut
900 4171 1057 4252 quadam
1095 4171 1357 4236 consuetudine
1386 4172 1446 4252 jus

327 4273 528 4355 Apostolici
543 4274 749 4340 vicariatus
773 4275 925 4342 Sedibus
941 4275 1118 4358 ejusmodi
1146 4277 1340 4343 illustrium
1356 4279 1444 4345 civi-
