3028 4992
784 361 902 420 -398
928 393 964 406 -

312 511 423 587 atque
456 505 609 569 liberum
638 505 824 586 religionis
854 504 1079 570 exercitium:
1100 503 1128 582 ⁸)
1154 503 1310 568 Ministri
1338 504 1439 567 vices

311 611 475 676 Statuum
494 617 664 692 gerentes
682 611 914 676 inviolabiles
932 611 1076 676 omnino
1095 625 1175 674 esse
1194 611 1344 688 debent,
1365 615 1439 673 tum

312 727 463 801 propter
492 719 744 783 characterem
770 720 1126 801 repraesentativum
1155 735 1224 800 quo
1244 726 1437 798 ornantur,

311 829 385 888 tum
404 831 554 907 propter
572 825 779 890 libertatern
808 825 958 908 proprio
987 823 1193 890 exercendo
1222 825 1368 888 muneri
1385 840 1436 886 re·

312 931 495 1014 quisitam;
513 933 542 996 si
567 934 661 996 enirn
682 933 737 996 vis
767 933 856 1013 ipsis
886 933 1014 996 inferri
1032 937 1167 1014 posset,
1189 932 1300 994 facile
1326 947 1349 994 a
1366 930 1439 993 suis

312 1039 558 1103 functionibus
586 1039 742 1103 fideliter
769 1038 962 1120 implendis
995 1038 1283 1118 deterrerentur3
1302 1035 1331 1118 b)
1357 1039 1437 1118 jure

312 1145 720 1209 extraterritorialitatis
741 1145 863 1227 potiri,
883 1144 951 1208 hoc
980 1151 1048 1225 est,
1068 1145 1237 1208 libertate
1266 1163 1313 1208 ac
1341 1143 1437 1208 inde·

312 1251 513 1333 pendentia
530 1251 600 1315 frui
619 1269 640 1314 a
657 1251 865 1315 nationibus
890 1251 1025 1316 exteris
1053 1252 1089 1315 in
1114 1253 1242 1333 quibus
1260 1249 1436 1330 resident,

312 1358 464 1439 perinde
489 1376 533 1422 ae
556 1359 586 1422 si
604 1359 700 1422 intra
729 1357 889 1422 dominia
915 1375 1003 1422 suae
1032 1345 1150 1439 gentis
1181 1359 1303 1422 adhuc
1333 1357 1436 1438 dege·

311 1469 406 1544 rent,
436 1465 520 1547 quia
545 1482 625 1528 cum
657 1465 729 1528 sint
758 1483 897 1546 organa
927 1469 1072 1528 mutuae
1097 1463 1436 1529 communicationis

311 1569 488 1650 Statuam,
508 1570 745 1651 proculdubio
764 1571 977 1634 facultatem
1004 1571 1141 1634 habere
1160 1570 1296 1634 debent
1329 1567 1434 1634 mani·

311 1676 469 1740 festandi
486 1695 605 1756 sensa,
624 1678 883 1758 quassationi,
902 1677 948 1740 ad
966 1695 1073 1759 quarn
1092 1678 1282 1741 mittuntur
1298 1676 1434 1758 patefa-

311 1783 442 1846 cienda
476 1788 726 1864 susceperunt,
761 1783 943 1864 etiamque
976 1783 1201 1847 rescribendi
1243 1799 1432 1864 responsa,

313 1905 408 1968 quae
423 1888 567 1970 dantur,
585 1905 629 1952 ac
646 1905 762 1952 novas
779 1889 1035 1952 instructiones
1054 1889 1277 1970 postulandi;
1300 1907 1373 1970 qua
1400 1887 1433 1950 in

313 2011 354 2058 re
371 1995 537 2077 impediri
561 1996 706 2060 minime
730 2003 893 2076 possunt,
920 1997 1008 2078 quin
1032 1995 1101 2060 hoc
1119 1997 1198 2076 ipso
1219 1987 1260 2058 ¹in
1287 1993 1432 2077 proprio

308 2103 391 2184 jure
419 2103 623 2182 laedantur3
642 2109 667 2181 ⁰)
697 2102 1007 2184 legatis·insuper
1039 2103 1287 2184 adjudicanda
1316 2101 1431 2165 estin

312 2210 508 2274 ditionibus
525 2210 661 2273 exteris
686 2209 868 2295 exemptio
895 2228 917 2272 a
936 2210 1080 2272 tributis
1110 2209 1368 2290 personalibus
1383 2213 1431 2270 at·

311 2333 381 2396 quc
409 2317 607 2394 indireetis,
634 2316 798 2395 exceptis
827 2316 997 2395 fortasse,
1014 2317 1121 2396 juxta
1149 2315 1429 2398 probabiliorem

311 2424 541 2501 sententiam,
560 2421 802 2502 vectigalibus
831 2439 924 2502 quae
954 2421 1123 2486 dicuntur
1143 2419 1427 2503 consumptionis
1500 2407 1501 2477 l

311 2527 512 2608 (consumo)
530 2535 565 2590 et
591 2527 826 2608 inspectionis
851 2526 1037 2609 (aduena),
1057 2528 1144 2592 licet
1172 2527 1264 2593 haec
1293 2531 1427 2610 postre-

310 2649 382 2712 ma,
402 2635 432 2696 si
461 2633 604 2714 quando
622 2633 828 2714 exigantur,
848 2651 929 2698 eum
955 2635 1064 2698 certis
1094 2635 1372 2698 limitationibus
1395 2635 1428 2694 ct
1499 2649 1500 2721 l

310 2739 480 2821 prudenti
493 2741 795 2821 interpretatione
809 2740 1031 2820 applicanda
1050 2745 1156 2804 erunt
1169 2747 1322 2822 prepter
1335 2739 1426 2804 indo·

310 2844 381 2908 lem
399 2850 579 2910 secretam
596 2847 845 2927 epistolarum,
865 2847 1092 2930 aliorumque
1117 2848 1422 2922 documentorum,
1498 2895 1499 2965 ἢ

310 2967 405 3032 quae
429 2967 508 3014 cum
538 2952 708 3015 missione
725 2951 960 3034 diplomatica
977 2959 1013 3016 et
1041 2953 1352 3035 negotiationibus
1376 2951 1426 3012 in·

310 3057 612 3121 ternationalibus
638 3060 805 3122 connecti
822 3065 969 3141 queunt;
986 3059 1012 3141 l)
1031 3061 1116 3125 item
1152 3060 1346 3142 agentibus
1375 3072 1424 3120 re·

309 3166 496 3245 speetivas
513 3165 680 3228 nationes
697 3169 1058 3246 repraesentantibus
1073 3185 1228 3248 aequum
1254 3173 1312 3230 est
1325 3160 1423 3230 tribui
1497 3149 1498 3209 l

310 3271 573 3334 immunitatem
604 3289 625 3333 a
639 3271 892 3350 jurisdictione
919 3275 1019 3338 civili
1044 3279 1081 3338 et
1110 3275 1257 3356 poenali
1286 3279 1420 3338 extera-

310 3393 388 3439 rum
407 3379 579 3458 gentium,
599 3377 684 3440 licet
702 3377 904 3458 hujusmodi
932 3380 1115 3462 exemptio
1133 3381 1269 3444 rectius
1288 3397 1334 3444 ae
1349 3391 1424 3459 pro·
1496 3377 1497 3455 ,

311 3482 470 3546 babillus
487 3483 620 3546 eisdem
655 3491 838 3564 competat
855 3474 970 3548 veluti
988 3486 1154 3567 personis
1171 3486 1328 3567 publicis
1344 3497 1422 3563 spe·

309 3587 430 3666 etatis,
461 3605 532 3652 non
558 3605 646 3652 vero
661 3595 837 3670 quatenus
852 3607 1027 3670 personas
1057 3594 1224 3673 privatas
1254 3595 1377 3673 agunt;
1400 3583 1421 3666 ⁶)
1495 3647 1496 3699 ᾖ

310 3691 466 3774 denique
494 3699 813 3775 repraesentantes
831 3697 995 3761 diversos
1012 3698 1199 3762 societatis
1216 3694 1418 3762 internetio-

309 3797 403 3860 nalis
420 3797 554 3881 Status,
573 3817 769 3882 eorumque
794 3802 970 3866 officiales
994 3821 1039 3867 ae
1056 3803 1246 3869 domestici
1264 3823 1311 3870 ex
1328 3813 1416 3866 more
1494 3885 1495 3888 Ἴ

309 3905 548 3969 communiter
561 3912 709 3988 recepto
727 3913 829 3972 aetus
844 3909 1009 3990 privatos
1026 3927 1115 3976 suae
1130 3911 1319 3993 religionis
1332 3912 1417 3976 intra
1494 3897 1495 3900 ’

310 4008 420 4072 aedes
437 4009 630 4092 legationis
650 4029 824 4077 exercere
841 4025 1004 4096 possunt.

399 4113 452 4177 2.⁰
498 4113 598 4180 Inter
611 4117 696 4198 J'ura
712 4118 955 4185 accidentalia
973 4127 1009 4186 et
1026 4123 1217 4205 potissima
1234 4121 1416 4206 privilegia
1493 4127 1494 4148 ¹

310 4217 514 4297 legatorum
531 4224 723 4286 memorari
752 4231 948 4290 merentur:
978 4228 1008 4306 ⁸)
1037 4227 1194 4295 honores
1227 4230 1359 4314 publici
1385 4228 1418 4289 ct
