3062 4994
529 387 709 448 -175-

75 529 237 612 absoluta,
254 530 360 594 iirma
373 534 482 612 atqua
498 536 691 613 perpetua,
706 536 744 595 ut
760 530 896 596 damna
909 531 1070 613 positiva
1086 548 1184 596 com·

74 637 205 718 marcio,
223 638 319 702 bono
344 637 503 718 publico,
521 637 583 704 vel
610 637 776 704 culturae
805 655 979 719 agrorum
1006 637 1183 704 inelucta-

73 743 191 824 biliter,
207 744 347 826 jugiter
365 749 401 808 et
417 745 556 827 absquo
581 744 656 808 ulla
684 745 902 824 exceptione
931 743 1083 824 gignere
1102 762 1184 826 pos·

17 871 18 940 j
73 850 274 930 sit;etenim,
290 839 508 933 quamquam
527 851 701 916 alienatio
719 851 896 914 bonorum
914 849 1182 921 ecclesiastico·

73 973 138 1020 rum
152 956 336 1040 prohibita
351 957 399 1022 sit
412 958 495 1038 jure
513 959 689 1022 canonica
707 959 768 1038 (1),
784 957 868 1038 jure
886 959 988 1024 civili
1006 959 1054 1041 (2)
1071 965 1184 1039 atque

73 1063 166 1126 etiam
193 1064 231 1128 in
251 1063 335 1144 jure
360 1063 483 1128 divino
501 1065 632 1146 saltem
655 1063 931 1130 fundamentum
958 1065 1095 1130 habeat
1118 1055 1182 1144 (3),

74 1174 220 1236 attamen
247 1169 443 1252 prohibitio
459 1169 649 1234 Ecclesiae
665 1176 836 1234 versatur
863 1172 964 1236 circa
994 1171 1183 1236 alienatio·

74 1292 140 1338 nem
166 1277 245 1341 sine
273 1277 437 1357 legitima
454 1293 566 1341 causa
591 1284 703 1358 atque
726 1278 912 1342 canonicis
931 1278 1115 1361 requisitis
1131 1278 1184 1342 fa·

74 1389 166 1463 ctam,
184 1383 272 1465 quia
296 1389 393 1447 esset
423 1381 627 1464 dilapidare
656 1384 752 1448 bona
780 1387 827 1448 ad
856 1385 935 1466 pios
964 1403 1049 1468 usus
1079 1385 1185 1448 unice

74 1487 205 1568 collata,
221 1493 260 1552 et
276 1488 345 1553 hoc
363 1506 471 1554 sensu
495 1490 754 1571 patrimonium
772 1489 906 1556 Christi
925 1490 1185 1556 constituentia

73 1594 126 1657 sub
140 1596 217 1659 sola
233 1595 485 1659 Praelatormm
504 1596 601 1661 iideli
618 1596 797 1677 custodian
818 1615 962 1662 necnon
980 1601 1080 1661 circa
1096 1597 1180 1662 alie·

73 1703 241 1766 nationem
256 1703 403 1784 privata
416 1703 621 1766 beneficiati
636 1703 695 1766 vel
708 1703 1015 1768 administratoris
1029 1704 1185 1768 auctori-

73 1813 136 1871 tate
151 1814 353 1890 peractam,
372 1808 506 1891 quippe
520 1809 758 1874 beneficiatus
791 1829 864 1874 non
896 1811 1092 1876 dominium
1120 1809 1186 1876 sed

73 1931 196 1978 merum
212 1915 440 1979 usufructum
454 1915 563 1980 habet
579 1916 756 1980 bonorum
769 1918 825 1994 sui
840 1917 1019 1999 beneflcii3
1038 1917 1183 1984 Praela-

74 2033 120 2084 tus
135 2030 253 2088 autem
269 2030 333 2088 aut
345 2023 478 2088 Rector
489 2023 692 2105 Ecclesiae,
708 2022 869 2088 debonis
885 2025 1047 2105 eJusdem
1061 2025 1185 2089 distin·

74 2129 129 2192 ctis
144 2149 165 2192 a
183 2147 307 2196 mensa
320 2129 382 2196 vel
398 2130 574 2195 beneficio
591 2149 669 2211 suo,
685 2149 804 2214 neque
821 2131 1046 2194 usufructum
1059 2129 1184 2214 habet,

74 2236 275 2302 aedmeram
290 2237 655 2302 administrationem:
683 2255 810 2302 verum
840 2237 1073 2300 interdictum
1098 2236 1180 2300 alie·

74 2342 170 2406 nandi
184 2343 328 2407 minime
342 2343 596 2424 complectitur
610 2343 961 2424 alienationes,quae
972 2343 1061 2406 fiunt
1074 2343 1184 2406 inter·

74 2450 228 2514 ueniente
238 2447 396 2514 Sanctae
407 2447 509 2514 Sedis
521 2467 699 2515 consensu
709 2467 772 2514 seu
783 2449 1019 2532 Beneplacito
1030 2449 1185 2531 Aposto-

73 2549 135 2615 lico
147 2553 261 2634 (juxta
278 2553 464 2620 decretum
479 2551 647 2637 Gregorii
662 2554 697 2622 X
714 2555 751 2620 in
769 2552 930 2620 Concilio
948 2553 1183 2638 Lugdunensi

74 2715 271 2730 ——n—-n

137 2863 168 2916 ln
202 2861 279 2916 Satis
291 2864 329 2915 sit
350 2862 453 2915 afferre
476 2878 535 2930 cap.
551 2861 620 2915 Vde
630 2860 711 2916 rebus
736 2859 874 2915 Ecclesiae
896 2861 1059 2925 alienandis,
1074 2863 1115 2916 uel
1127 2880 1182 2918 non

75 2929 165 2984 lib.lIl
187 2933 386 2986 Decretalium:
404 2933 494 2986 ‹Nulli
515 2935 807 2988 liceatalienarerern
834 2933 1009 2986 immobilem
1037 2936 1183 2988 Ecclesiae

75 3004 127 3054 sire
137 3018 240 3069 aarum,
253 3006 314 3058 eive
327 3005 463 3058 rusticum
475 3006 657 3071 mancipium
665 3021 757 3072 neque
765 3006 898 3072 specialis
909 3006 1089 3072 hypothecae
1099 3007 1184 3058 titulo

75 3071 190 3140 obligare.
210 3076 401 3128 alienationis
426 3081 521 3128 antem
540 3076 659 3128 verbum
682 3077 808 3129 continet
833 3076 1035 3142 conditionem,
1055 3077 1182 3129 donatio·

75 3155 137 3204 nem,
148 3147 351 3208 venditionem,
364 3148 613 3213 permutationem,
624 3151 654 3199 et
666 3147 911 3214 emphyteuticum
934 3153 1104 3214 perpetuum
1118 3163 1181 3199 con·

75 3217 186 3270 uadum.
198 3218 285 3271 Unde
297 3233 399 3270 omnes
411 3219 577 3272 Sacerdotes
590 3219 627 3272 ab
639 3219 806 3285 hujusmodi
818 3220 991 3272 alienatione
1004 3217 1178 3270 abstineant:

76 3300 165 3349 poenae
176 3289 323 3351 timentes,
335 3305 407 3356 quas
420 3287 547 3342 Leonida
559 3291 724 3341 constitutio
738 3291 953 3342 comminatur».

131 3363 165 3424 (θ)
198 3360 244 3412 Ita
256 3363 333 3412 enirn
346 3363 453 3426 optime
465 3365 624 3412 sanxerunt
633 3360 822 3426 Imperatores
836 3361 893 3412 Leo
905 3365 934 3411 et
948 3361 1105 3411 antemius:
1124 3357 1182 3410 «Ea

75 3441 134 3491 quse
144 3432 178 3483 sd
192 3431 377 3484 beatissimae
390 3432 533 3484 Ecclesiae
550 3434 615 3498 jura
634 3435 786 3498 pertinent,
799 3433 845 3484 vel
859 3432 979 3498 posthac
1001 3430 1076 3482 forte
1099 3432 1181 3496 perti·

75 3502 180 3567 nuedut,
189 3507 337 3568 tamquam
351 3503 442 3570 ipsam
456 3507 667 3555 sacrosanctam
681 3507 710 3556 et
722 3504 882 3569 religiosam
899 3501 1063 3562 Ecclesiam,
1074 3501 1183 3554 intacta

75 3575 190 3625 conuenit
202 3572 405 3626 venerabiliter
423 3573 568 3638 custodiri,
581 3579 610 3626 et
621 3575 695 3625 sicut
715 3575 777 3640 ipsa
791 3572 947 3637 Religionis
961 3583 988 3624 et
1009 3571 1076 3624 fidei
1091 3575 1183 3625 mater

75 3649 195 3708 nuperus
207 3649 262 3706 est,
271 3647 313 3697 ita
324 3645 388 3712 ejus
400 3645 602 3712 patrimonium
614 3644 723 3711 iugiter
741 3650 870 3716 servetur
883 3643 1037 3696 illaesum.»
1054 3644 1132 3711 (Leg.
1148 3644 1183 3696 14

75 3708 327 3768 JunnmcsCodde
343 3711 651 3780 SS.1t'colesies).Idem
673 3715 860 3768 decreverunt
873 3717 1043 3768 Anastasius
1063 3715 1095 3768 in
1116 3715 1182 3780 Lag.

77 3781 100 3833 li
112 3783 174 3838 (lod.
187 3787 320 3854 ejusdem
330 3788 382 3848 tit,
395 3791 424 3838 et
436 3786 648 3838 Justininianus
660 3786 690 3838 in
702 3787 828 3840 Novellis
842 3785 857 3838 7
871 3792 899 3838 et
915 3787 974 3838 120.

132 3857 170 3924 (3)
206 3858 282 3910 Nam
291 3858 368 3910 Deus
377 3857 476 3924 ipsein
487 3857 561 3924 Lege
576 3855 702 3910 Mosaios
715 3857 853 3910 Israelitis
866 3873 960 3910 rerum
970 3857 1063 3910 eidem
1076 3855 1182 3910 oblata·

77 3938 125 3977 rum
135 3929 335 3982 alienationem
348 3932 377 3981 et
389 3929 601 3981 distractionem
616 3929 696 3981 hisce
713 3927 808 3982 verbis
830 3927 986 3982 interdixit:
1004 3924 1088 3979 Omne
1113 3924 1184 3993 qnod

77 3989 177 4052 &minc
187 4002 369 4064 consecratur,
381 3998 436 4052 siaa
447 3998 524 4052 immo
530 3997 632 4068 suerit,
644 3999 699 4052 sisa
711 3997 825 4065 animal,
838 3998 893 4052 sice
905 4013 978 4067 aaa,
992 4011 1054 4050 sou
1068 4011 1182 4052 vunan·

75 4076 130 4135 tun,
141 4082 198 4122 aaa
211 4083 322 4124 nsnrmr
335 4084 464 4124 nonnam
482 4069 581 4136 (Lavit.
594 4086 655 4138 rap.
668 4069 794 4140 XXVII,
817 4085 842 4123 v.
856 4072 910 4135 28):
925 4070 1031 4122 exinde
1051 4067 1183 4122 nonnulli

77 4141 224 4194 canonistas
236 4143 374 4208 colligunt
385 4157 422 4194 ex
432 4143 494 4208 ipso
507 4142 631 4194 naturali
646 4143 709 4208 jare
722 4145 751 4193 et
763 4141 862 4194 diuino
871 4141 954 4194 melas
976 4155 1041 4194 esse
1054 4141 1184 4194 ecclesia-

76 4209 133 4261 stica
144 4211 217 4265 bons
229 4213 363 4276 alienare,
378 4213 578 4279 quodquidam
592 4227 691 4266 verum
703 4217 757 4282 est,
771 4213 796 4265 si
807 4213 844 4265 de
856 4213 1029 4266 alienatione
1045 4215 1085 4265 rei
1099 4213 1185 4266 eccle

76 4280 192 4337 siasticae
200 4283 264 4337 eine
272 4286 351 4352 justa
363 4299 450 4338 caum
461 4285 538 4348 lacta
547 4290 657 4350 agatur.
