3096 4986
327 475 466 559 pridem
502 475 687 542 Ecclesiae
716 494 761 542 ea
792 477 1019 542 immunitate
1051 475 1238 559 praeditas
1268 492 1360 556 esse,
1398 475 1457 538 uti
1537 443 1538 462 ἵ

327 585 472 647 constat
486 587 563 646 tum
581 600 628 647 ex
641 580 803 648 Concilio
823 580 1103 665 Carthaginensi
1117 599 1213 646 anno
1229 581 1295 647 399
1311 580 1456 661 habito,
1537 589 1538 592 ’

326 689 450 772 inquo
468 689 632 771 deputati
656 693 739 754 sunt
757 690 804 755 ad
821 689 1086 772 Imperatorem
1104 689 1174 754 duo
1205 687 1390 771 Episcopi,
1410 693 1457 751 ut
1537 677 1538 716 l

325 795 445 877 legem
461 796 678 880 obtinerent,
709 813 780 879 qua
797 797 1079 880 prohiberentur
1098 795 1284 861 extrahis
1308 794 1456 860 sanctis

325 900 500 967 Ecclesiis
530 902 796 986 delinquentes,
814 903 875 986 qui
892 905 940 968 ad
957 921 1020 968 aas
1039 903 1290 984 confugerent,
1309 908 1385 966 tum
1401 917 1458 966 ex

326 1008 362 1074 S.
391 1009 542 1074 Paulino
561 1009 598 1073 in
615 1009 694 1074 vita
721 1007 757 1074 S.
788 1010 982 1090 Ambrosii,
1003 1011 1063 1074 ubi
1092 1015 1220 1074 narrat
1252 1009 1456 1074 celeberri·
1537 1009 1538 1054 l

326 1135 422 1182 mum
439 1113 658 1197 Episcopum
681 1115 990 1182 Mediolanensem
1014 1119 1074 1200 Jus
1099 1119 1194 1200 asyli
1223 1117 1261 1182 in
1280 1117 1456 1182 favorem
1537 1183 1538 1192 ,

317 1219 513 1288 ·Oresconii
532 1221 751 1286 defendisse.
1537 1277 1538 1296 ,

414 1329 467 1392 35.
514 1327 570 1392 Ad
587 1327 833 1393 evolutionem
850 1327 956 1408 hujus
990 1327 1227 1394 immunitatis
1248 1328 1456 1394 meliusas·
1537 1343 1538 1394 ξ

325 1435 560 1520 sequendam,
581 1443 654 1501 tres
672 1436 854 1518 periodos,
870 1453 960 1518 quas
971 1437 1030 1517 jus
1044 1437 1138 1519 asyli
1151 1454 1218 1519 pro
1237 1437 1342 1502 varia
1359 1443 1457 1502 tem·

325 1561 454 1626 porum
479 1541 729 1608 vicissitudine
746 1541 867 1622 subiit,
886 1541 1108 1624 distinguere
1122 1543 1240 1625 jubat,
1259 1541 1456 1624 videlicet,

326 1649 525 1730 antiquam,
545 1649 701 1713 mediam
719 1666 763 1712 ac
780 1649 1029 1712 novissimam.
1537 1633 1538 1638 ἵ

414 1755 534 1820 Aetate
552 1757 707 1840 antiqua,
727 1755 892 1820 Ecclesia
910 1772 976 1837 per
994 1753 1158 1820 Concilio
1179 1761 1215 1820 et
1234 1755 1360 1820 Patres
1378 1756 1457 1821 hoc

255 1935 262 1948 ¹
323 1861 383 1942 jus
399 1861 467 1925 sibi
485 1861 661 1934 vindicat,
679 1867 715 1926 et
733 1879 851 1926 mores
869 1877 912 1924 ac
931 1861 1165 1942 magistratus
1184 1861 1454 1941 assentiuntur3

326 1967 378 2030 ita
406 1967 586 2032 cernimus
605 1966 806 2032 Concilium
825 1967 1088 2031 Arausicnnum
1119 1967 1136 2030 Ι
1170 1971 1244 2042 (en.
1263 1965 1342 2045 441)
1362 1983 1454 2030 can.

327 2069 357 2135 V
371 2069 581 2134 decernere:
595 2071 667 2136 Eos
684 2072 742 2155 qut
759 2071 805 2136 ad
821 2071 1014 2136 Ecclesiam
1027 2073 1253 2157 confaperint,
1271 2073 1367 2137 tradi
1381 2093 1458 2138 non

326 2185 467 2262 oportet,
484 2177 543 2242 scd
559 2179 625 2244 loci
642 2179 835 2244 reuerentia
852 2185 883 2243 et
895 2179 1138 2244 intercessione
1153 2179 1293 2264 defendi
1308 2179 1370 2262 (1);
1388 2197 1456 2260 pa-

325 2283 414 2348 riter
432 2281 594 2348 videmus
611 2281 811 2348 Concilium
829 2283 1126 2348 Chalcedonense
1145 2289 1218 2365 (an.
1238 2283 1317 2366 451)
1333 2303 1418 2350 can.
1438 2287 1456 2350 I
1537 2281 1538 2334 ἶ

326 2407 500 2472 expresse
516 2389 615 2472 loqui
643 2389 687 2456 de
705 2391 904 2455 canonibus
932 2391 1009 2472 jam
1043 2392 1261 2474 constitutis,
1281 2391 1325 2456 de
1351 2395 1456 2460 atrio

326 2495 514 2560 Ecclesiae
532 2505 567 2560 et
584 2497 691 2562 domu
708 2495 891 2578 Episcopi,
911 2503 1021 2580 atque
1043 2497 1088 2562 de
1104 2499 1332 2580 gravissimis
1361 2499 1457 2564 deli·
1537 2513 1538 2516 ’

327 2605 406 2667 etis:
428 2605 479 2668 Dc
507 2604 700 2684 homicidis,
718 2603 888 2668 adulteris
918 2613 948 2670 et
973 2605 1113 2689 [aridas
1136 2607 1168 2670 st'
1194 2607 1240 2670 ad
1256 2605 1458 2672 Ecclesiam
1537 2655 1538 2684 ,

327 2710 555 2793 consupet·int,·
575 2710 612 2773 t'd
630 2711 867 2775 constituimus
885 2711 1134 2776 observandam
1146 2713 1236 2796 quod
1255 2711 1455 2776 “ecclesia

326 2813 408 2877 stici
426 2812 605 2877 canones’'
623 2815 845 2880 decreuerunt
863 2824 893 2880 et
910 2817 1125 2882 tennemonn
1143 2820 1333 2898 coustituit,
1352 2822 1456 2884 atah

326 2918 504 2983 Ecclesiae
518 2920 622 2983 atriis
636 2921 688 2983 uel
703 2921 801 2985 domo
815 2923 967 3005 episcopi
980 2944 1036 2988 cos
1052 2923 1209 2988 abstratn'
1226 2925 1364 2990 omnino
1381 2947 1456 2991 non

328 3025 443 3104 liceat,
462 3025 522 3088 sed
539 3045 598 3088 nec
615 3026 719 3089 aliter
745 3029 954 3110 constpnart',
974 3029 1044 3092 nist
1066 3030 1113 3094 ad
1145 3029 1336 3114 Eneapetia
1354 3031 1456 3098 datis

326 3132 554 3196 sacramentis
572 3132 744 3212 demone,
763 3133 803 3195 de
830 3133 1005 3198 debilitate
1023 3141 1054 3198 et
1070 3137 1163 3200 omni
1182 3157 1380 3220 poenarum
1395 3158 1455 3222 pe·

324 3259 406 3303 nere
432 3239 631 3302 sintsecari
664 3237 724 3320 (2);
752 3237 908 3320 denique
938 3240 1126 3305 notissima
1159 3248 1244 3306 sunt
1276 3243 1395 3308 verba
1413 3244 1453 3308 S.

324 3343 477 3408 Joannis
503 3341 752 3424 chrysostomi
768 3343 821 3406 sic
853 3345 1076 3426 increpantis
1095 3347 1300 3412 eunuchum
1318 3347 1453 3414 Eutro-

325 3449 436 3530 pium,
456 3449 642 3530 patritium
662 3453 698 3512 et
730 3449 928 3530 consulem,
964 3452 1025 3532 qui
1054 3456 1248 3534 postquam
1269 3453 1330 3532 jus
1349 3457 1453 3537 asyli

327 3569 393 3634 per
410 3554 528 3632 legem
544 3554 691 3618 civilem
710 3554 936 3635 abrogasset,
966 3556 1012 3619 ad
1045 3555 1247 3622 Ecclesiam
1266 3561 1452 3644 confugit,

327 3658 446 3736 gratia
464 3657 671 3724 declinandi
687 3659 779 3724 iram
804 3659 1040 3741 Imperatoris
1070 3663 1219 3728 Arcadii
1238 3671 1275 3730 et
1294 3667 1456 3734 militurn

397 4132 436 4192 (ll
473 4131 566 4196 Apud.
581 4129 752 4198 Labbaeum,
765 4138 834 4184 tom.
847 4133 898 4186 111.
912 4135 962 4186 col.
978 4137 1056 4190 1448.

399 4203 436 4270 (2)
474 4201 566 4268 Apud.
580 4201 674 4255 eumd.
687 4207 754 4255 tom.
765 4203 813 4256 lv.
828 4205 879 4258 col.
895 4207 971 4257 1408.
