3062 4994
551 381 731 442 -169-

24 511 25 526 *
95 520 216 588 donare
241 521 432 590 Ecclesiae
459 522 624 607 praedia,
643 524 705 590 vel
731 524 816 592 huic
844 525 882 591 in
897 523 1201 608 acquisitionibus

24 629 25 644 ²
95 633 312 710 opponuntur
327 629 577 696 restrictiones
594 637 631 695 et
643 631 874 714 gravamina.
931 677 962 692 Δ.

94 781 95 784 ,
168 734 241 802 97..
269 733 326 800 De
355 734 699 804 desamortinetione
726 739 842 803 actico
870 736 1052 803 disserere
1079 753 1206 820 super-

94 855 282 906 vacaneum
298 839 404 906 nobis
420 840 577 923 videtur,
595 841 787 925 siquidem,
805 845 949 925 sumpto
968 843 1150 908 vocabulo
1167 844 1206 910 iu

24 937 25 1020 Ῐ
93 944 150 1010 hnc
173 947 402 1029 acceptione,
429 949 593 1030 quaestio
621 953 699 1017 tota
715 955 886 1016 versatur
913 950 952 1014 in
981 948 1204 1016 declarando

93 1059 187 1136 atque
204 1054 411 1122 deliniendo
435 1055 534 1120 iacto
560 1055 803 1138 apertissimo,
823 1056 992 1122 nimirum
1020 1056 1204 1138 quodnam

93 1177 208 1224 nornen
236 1165 436 1242 mereatur,
455 1177 565 1244 quam
582 1179 774 1228 censuram
799 1163 975 1244 obtineat,
994 1163 1055 1228 vel
1073 1163 1204 1246 quavis

93 1267 265 1348 punitione
281 1267 330 1332 sit
345 1265 456 1350 digna
472 1266 629 1350 direptio
645 1286 711 1334 seu
728 1269 929 1351 expoliatio
950 1271 1126 1336 bonorum
1145 1288 1204 1336 ec·

92 1373 379 1458 clesiesticorum,
398 1393 506 1458 quarn
520 1376 613 1456 juris
632 1375 796 1440 moderni
812 1377 1106 1458 patrocinatores
1124 1377 1204 1442 vul·

91 1496 128 1560 po
139 1482 407 1547 incantationem
420 1482 622 1564 appellant.

24 1583 25 1586 ’
164 1587 270 1654 Nunc
293 1605 397 1669 vero,
426 1605 486 1654 res
514 1588 624 1654 valde
652 1589 762 1656 obvia
791 1595 858 1670 est;
883 1590 1005 1672 agitur
1034 1590 1130 1656 enim
1160 1589 1205 1656 de

24 1707 26 1776 ;
92 1690 243 1758 doctrina
275 1700 465 1776 comperta
496 1698 534 1759 et
561 1695 702 1776 iamdiu
735 1695 878 1778 decisa,
911 1696 1205 1780 quandoquidem

92 1796 291 1866 Tridentino
304 1799 471 1883 Synodus
484 1807 652 1883 raptores
666 1803 840 1868 bonorum
855 1801 1043 1868 Ecclesiae
1057 1809 1093 1868 et
1105 1824 1205 1869 neor·

24 1901 25 1964 ?
87 1909 215 1982 potores
233 1904 396 1986 vocavit,
415 1908 453 1968 et
468 1904 777 1972 anathematizatos
801 1905 1019 1986 declaravit,
1039 1907 1205 1990 aliasque

24 2017 26 2096 3
91 2009 316 2087 novissimas
339 2031 475 2094 poenas
498 2015 628 2076 contra
655 2029 717 2076 eos
746 2012 840 2076 tulit:
873 2011 929 2078 “Si
958 2029 1064 2094 quern
1094 2011 1206 2077 (lieri-

94 2131 220 2196 corum,
248 2116 311 2180 vel
343 2116 550 2199 Laicorum,
582 2139 793 2203 quocunqne
824 2120 856 2184 is
888 2120 1068 2204 diqnitote,
1100 2119 1206 2184 etiarn

93 2219 273 2305 inperiali,
297 2231 360 2288 ont
386 2223 520 2308 Repeti,
539 2225 773 2310 prcefnlpcot,
798 2225 835 2288 in
862 2230 1003 2290 tantum
1028 2224 1206 2289 malorum

93 2330 239 2394 omnium
262 2329 372 2394 radix
389 2329 570 2412 cupiditas
587 2331 838 2414 occupaverit,
854 2335 893 2394 ut
909 2329 1065 2411 aliquus
1083 2329 1206 2394 Eccle-

91 2431 166 2515 siae,
194 2453 257 2501 seu
288 2435 452 2518 cujusvis
484 2436 698 2518 saecularis,
725 2437 786 2500 vel
814 2436 994 2518 regularis
1023 2434 1203 2514 beneficii,

92 2535 251 2606 liontium
276 2541 442 2624 Pietatis,
463 2543 849 2626 aliorumquepiorum
875 2543 1038 2608 locorum
1058 2539 1205 2622 jnrisdi·

90 2646 229 2730 ottones,
241 2650 351 2730 boue,
366 2667 509 2730 census,
524 2667 569 2714 ac
577 2650 675 2731 jura,
691 2649 801 2714 etiem
814 2647 989 2728 feudalia,
1006 2655 1042 2713 et
1056 2647 1206 2730 emphy-

91 2755 226 2836 teutica,
244 2755 400 2838 fructus,
419 2757 676 2838 emolumenta,
695 2773 759 2822 seu
788 2772 1036 2838 quascumque
1070 2755 1206 2820 obven-

92 2859 208 2942 tiones,
226 2879 323 2944 quae
350 2862 388 2928 in
404 2861 663 2944 ministrorum,
682 2865 718 2928 et
736 2879 936 2944 pauperum
967 2862 1208 2926 necessitates

92 2969 245 3032 converti
278 2967 425 3048 debent;
452 2985 518 3051 per
549 2987 602 3049 se,
620 2969 682 3034 vel
711 2985 777 3050 per
804 2967 896 3032 alios
916 2967 966 3048 vi,
987 2967 1048 3032 vel
1076 2969 1206 3032 timore

92 3069 234 3154 incusso,
252 3073 445 3139 sedetiam
463 3091 528 3156 per
545 3073 752 3156 suppositas
769 3091 946 3156 personas
965 3071 1205 3150 clericorum,

94 3184 145 3242 aut
172 3179 379 3262 Laicorum,
405 3197 470 3246 seu
498 3197 726 3264 quacumque
758 3184 852 3260 arte,
880 3185 943 3244 eut
976 3193 1206 3261 quocumque

89 3287 244 3364 -quaesito
274 3285 411 3367 colore,
429 3287 467 3350 in
494 3286 662 3370 proprios
690 3303 773 3352 usus
799 3291 1032 3364 convertere,
1051 3281 1213 3364 illosque

92 3408 249 3476 usurpare
281 3393 581 3476 praesumpserit,
606 3409 671 3458 seu
703 3391 893 3473 impedire,
921 3407 966 3454 ne
997 3390 1044 3456 ab
1074 3390 1130 3470 iis,
1161 3387 1209 3452 ad

93 3512 169 3576 quos
181 3501 264 3580 juro
281 3500 479 3582 pertinent,
497 3499 760 3582 percipiantur,
780 3499 810 3562 is
828 3498 1042 3564 anathemati
1070 3497 1209 3562 tamdiu

92 3603 265 3690 subjaceat,
281 3607 448 3690 quamdin
455 3607 733 3692 jurisdictiones,
752 3607 850 3684 bono,
867 3625 933 3684 reo,
944 3605 1045 3690 juro,
1058 3604 1207 3688 fructus,

92 3713 289 3794 etredditns‚
307 3733 390 3797 qnos
403 3715 632 3798 occupaverit,
647 3713 700 3778 vei
717 3714 776 3796 qni
790 3712 838 3777 od
854 3731 930 3776 enm
950 3711 1210 3796 quomodocum-

93 3833 156 3898 que,
171 3821 274 3886 etiam
290 3839 335 3886 ec
350 3820 534 3886 donatione
551 3819 752 3903 suppositae
777 3838 950 3902 personae
975 3818 1209 3901 pervenerint,

92 3917 265 4007 Ecdwiae,
282 3927 422 4012 ejsuque
445 3926 737 4006 administratori,
754 3925 826 3990 rire
854 3924 1053 4010 beneficiato
1079 3923 1211 4006 inteqre

93 4030 284 4113 tntitneritp
311 4051 353 4098 oo
379 4032 502 4098 deinde
530 4054 553 4098 o
580 4033 736 4097 Romano
766 4031 931 4116 Pontifioe
961 4029 1212 4094 absolutionem

94 4133 274 4204 obtinuerit.
292 4137 395 4220 Quod
423 4140 453 4204 si
478 4138 641 4222 ejusdem
669 4136 859 4202 Ecclesiae
887 4139 1064 4218 patronus
1083 4135 1208 4215 fuerit,

95 4239 192 4308 etiarn
209 4247 525 4329 jnrepatronatus,
545 4245 643 4312 ultra
667 4243 876 4327 praedictas
894 4259 1047 4324 poenas,
1067 4258 1110 4305 eo
1130 4243 1209 4324 ipso
