3028 4992
514 433 544 440 -
572 399 689 458 337-

70 542 222 622 quoddam
234 543 396 624 gentium
413 543 579 607 absolute
597 542 743 623 dictum,
763 542 858 626 quod
876 561 1000 609 omnes
1017 544 1162 608 omnino

68 655 173 729 gentes
189 649 403 731 adstringat,
419 667 487 713 nec
501 668 522 712 a
536 667 713 714 consensu
731 651 947 732 populorum
963 655 1025 714 aut
1039 651 1164 714 volun·

69 761 127 817 tate
146 755 409 837 imperantium,
439 757 504 820 sed
535 756 581 819 ab
611 756 691 837 ipsa
719 763 851 821 natura
879 756 1084 837 profectum
1103 757 1161 820 sit.

67 859 150 924 Unde
173 862 223 942 tit,
251 865 290 926 ut
318 862 585 925 universalibus
614 869 650 926 et
670 861 953 926 immutabilibus
973 861 1164 944 principiis

66 973 197 1048 constet,
216 973 325 1049 prout
343 972 463 1032 tamen
479 986 550 1032 non
568 969 722 1050 privatis
739 968 955 1048 homiuibus,
975 967 1038 1032 sed
1051 969 1164 1032 natio·

65 1071 150 1135 nibus
176 1092 213 1137 se
246 1081 368 1138 mutuo
396 1075 673 1156 respicientibus
706 1075 973 1157 applicantem„
995 1075 1052 1156 (1)Ι
1072 1071 1164 1138 Cum

64 1177 176 1242 eximio
203 1179 417 1262 philosopho
437 1179 621 1244 Matthaeo
639 1179 851 1244 Liberatore
880 1181 1060 1244 consentit
1087 1182 1165 1261 ipsa

64 1284 178 1368 llattel,
198 1287 258 1368 qui
276 1288 327 1351 ita
343 1289 480 1352 scribit:
511 1287 595 1352 “Jus
623 1289 783 1370 gentium
810 1288 898 1352 nihil
927 1289 1025 1352 aliud
1044 1290 1079 1352 in
1099 1307 1166 1352 sua

63 1393 183 1473 origine
217 1399 284 1476 est,
332 1411 439 1476 quarn
472 1393 537 1458 Jus
570 1399 724 1458 naturae
757 1396 964 1458 nationibus
1005 1396 1165 1476 applica·

62 1511 141 1583 tum,
159 1501 217 1582 (2),
246 1519 389 1565 necnon
419 1502 497 1583 ipse
523 1499 670 1566 Grotius
699 1503 817 1566 fassus
847 1511 913 1566 est:
950 1502 1085 1565 “Extra
1106 1504 1166 1583 jus

60 1608 224 1690 naturale,
246 1607 342 1690 quod
371 1609 486 1690 ipsum
519 1626 662 1690 quoque
691 1610 851 1691 gentium
881 1608 951 1672 diei
983 1609 1076 1672 solet
1104 1611 1166 1673 vix

61 1711 156 1776 ullum
169 1713 227 1794 jus
245 1715 400 1796 reperiri
418 1715 582 1778 omnibus
599 1717 767 1796 gentibus
786 1732 1008 1798 commune„;
1029 1733 1074 1778 ex
1093 1715 1165 1796 qui-

59 1816 116 1880 bus
130 1821 248 1884 verbis
262 1821 426 1884 nonnulli
440 1823 637 1903 scriptores
652 1821 880 1903 collegerunt
892 1821 1167 1886 celeberrimum

57 1923 210 2002 juristam
233 1927 407 1991 batavum
425 1945 506 1991 esse
524 1927 789 1992 accensendum
807 1929 901 1990 inter
930 1945 1001 2008 eos,
1028 1929 1087 2010 qni
1102 1929 1124 1992 J
1129 1947 1168 1992 us

11 2053 12 2066 ¹
64 2029 339 2096 Internationole
373 2034 583 2098 existimant
624 2033 738 2097 veluti
770 2033 835 2097 Jus
868 2051 965 2097 mere
993 2033 1168 2097 Naturale

63 2147 201 2220 propter
217 2139 404 2221 propriam
419 2141 496 2219 ejus
514 2140 671 2204 indolem
690 2145 726 2204 et
740 2140 902 2222 intimam
915 2141 1121 2203 essentiam.

132 2245 164 2308 8.
214 2246 348 2310 Fontes
363 2246 384 2310 J
388 2247 461 2310 uris
478 2246 775 2310 Internationulis
794 2245 839 2308 ad
858 2247 1016 2327 quinque
1033 2263 1169 2327 genera

59 2353 210 2416 revocari
224 2359 373 2434 queunt,
389 2353 542 2434 scilicet,
563 2353 714 2417 foedera
738 2370 801 2416 seu
827 2353 1102 2432 conventiones
1120 2353 1168 2416 le·

59 2457 288 2541 gislationem,
312 2461 651 2543 jurisprudentiam,
687 2478 770 2524 ustis
799 2477 843 2524 ac
875 2461 1167 2542 consuetudinem

61 2571 152 2647 atque
166 2568 226 2648 jus
243 2567 424 2631 naturale.
444 2567 499 2631 Ex
516 2567 570 2630 his
584 2567 755 2646 lontibus,
773 2569 803 2630 si
817 2585 875 2630 res
887 2559 1045 2651 practice
1061 2567 1169 2649 inspi-

60 2669 171 2753 ciatur,
190 2675 345 2756 primum
361 2674 480 2737 locum
506 2673 670 2737 obtinent
706 2673 742 2736 in
774 2673 863 2736 Jure
888 2673 1168 2736 internetionali

59 2773 203 2844 Positivo
223 2785 408 2861 pactaeeu
434 2780 708 2858 conventionem
728 2779 783 2842 sin
813 2796 901 2842 vero
932 2796 990 2843 res
1023 2779 1169 2845 theorice

59 2891 239 2966 spectetur,
254 2885 361 2974 aliter
379 2885 649 2966 dijudicandum
666 2889 734 2966 est,
752 2885 885 2948 etenim
911 2885 1054 2949 ratione
1070 2885 1169 2950 habi-

60 2993 89 3051 ta
104 2993 348 3058 essentialium
380 2993 710 3073 fundamentorum,
742 2993 870 3073 quibus
901 2992 966 3057 Jue
1001 2991 1170 3058 Gentium

59 3093 220 3181 innititur,
239 3117 331 3163 vora
343 3099 572 3181 praelatione
589 3098 750 3180 gaudent
768 3102 804 3162 et
829 3099 956 3163 ordine
973 3098 1169 3181 praecede·

59 3215 90 3263 re
105 3203 233 3270 debent
250 3205 431 3288 principia
446 3205 467 3269 J
472 3205 544 3268 nris
559 3204 757 3270 Naturalis.

133 3311 277 3376 Primus
295 3329 339 3376 ac
359 3311 567 3394 potissimus
580 3310 678 3374 Juris
695 3309 993 3374 Internationalis
1018 3308 1170 3373 Positivi

59 3411 125 3480 lons
142 3419 326 3500 reperitur
340 3419 377 3481 in
392 3416 695 3481 conventionibus
708 3434 772 3480 seu
790 3417 907 3496 pactis
921 3415 1016 3479 inter
1048 3415 1170 3478 varios

59 3516 165 3590 Status
180 3525 280 3590 initis
297 3525 417 3606 gratia
436 3523 635 3601 statuendi,
654 3521 866 3586 moderandi
885 3522 945 3585 vel
978 3521 1172 3584 deliniendi

59 3632 244 3708 quamlibet
264 3631 480 3696 relationem
495 3629 702 3710 juridicam.
723 3628 843 3710 Magni
864 3629 1033 3691 momenti
1051 3628 1171 3691 existi-

60 3743 203 3818 mantur,
219 3743 293 3802 tum
312 3737 398 3820 quia
415 3735 642 3800 deficientias
655 3735 675 3799 J
681 3737 753 3799 nris
778 3735 1075 3798 Internationalis
1091 3753 1172 3816 sup-

60 3838 158 3925 plent,
182 3850 257 3908 tum
272 3843 381 3908 etiam
411 3844 497 3926 quia
514 3843 610 3925 apud
628 3842 794 3906 nationes
811 3848 877 3924 p'ro
895 3859 1022 3905 norma
1041 3841 1171 3906 habau·

61 4008 205 4029 Ἢ-

121 4160 157 4227 (1)
195 4159 388 4216 Institutionee
402 4158 619 4228 Philosophiam,
632 4157 687 4214 Jua
700 4155 834 4224 Naturae,
848 4157 951 4212 introd.

118 4236 153 4299 (2)
187 4231 228 4285 Le
240 4231 313 4286 droit
324 4231 443 4301 desperet
456 4233 525 4286 a'eet
547 4231 772 4300 oripinuirement
794 4233 873 4284 autre
885 4228 968 4297 chose,
982 4244 1033 4296 pue
1055 4227 1079 4280 le
1102 4225 1177 4280 droit

62 4292 87 4346 (le
97 4297 122 4352 lu
132 4305 229 4358 nature
239 4301 367 4372 opplipue'
378 4301 562 4358 adunatione.
575 4299 628 4372 (Le
641 4301 713 4355 droit
726 4301 771 4356 der
781 4316 855 4371 pata,
866 4301 967 4372 tomi,
981 4298 1118 4368 pretim.§
1134 4299 1175 4364 VJ.

1074 4391 1107 4440 Ἠ
