<?xml version="1.0" encoding="UTF-8"?>
<!DOCTYPE html PUBLIC "-//W3C//DTD XHTML 1.0 Transitional//EN"
    "http://www.w3.org/TR/xhtml1/DTD/xhtml1-transitional.dtd">
<html xmlns="http://www.w3.org/1999/xhtml" xml:lang="en" lang="en">
 <head>
  <title>
</title>
<meta http-equiv="Content-Type" content="text/html;charset=utf-8" />
  <meta name='ocr-system' content='tesseract 3.04.00' />
  <meta name='ocr-capabilities' content='ocr_page ocr_carea ocr_par ocr_line ocrx_word'/>
</head>
<body>
  <div class='ocr_page' id='page_1' title='image "./juspublicumeccl00ferngoog_0126.png"; bbox 0 0 3062 4994; ppageno 0'>
   <div class='ocr_carea' id='block_1_1' title="bbox 543 352 722 410">
    <p class='ocr_par' dir='ltr' id='par_1_1' title="bbox 543 352 722 410">
     <span class='ocr_line' id='line_1_1' title="bbox 543 352 722 410; baseline 0 0"><span class='ocrx_word' id='word_1_1' title='bbox 543 352 722 410; x_wconf 79' lang='lat'>-121-</span> 
     </span>
    </p>
   </div>
   <div class='ocr_carea' id='block_1_2' title="bbox 88 493 1258 2170">
    <p class='ocr_par' dir='ltr' id='par_1_2' title="bbox 93 493 1199 1000">
     <span class='ocr_line' id='line_1_2' title="bbox 96 493 1197 578; baseline 0.002 -22"><span class='ocrx_word' id='word_1_2' title='bbox 96 493 274 576; x_wconf 81' lang='lat' dir='ltr'>superiores</span> <span class='ocrx_word' id='word_1_3' title='bbox 290 494 511 560; x_wconf 86' lang='lat' dir='ltr'>auctoritate</span> <span class='ocrx_word' id='word_1_4' title='bbox 528 495 633 578; x_wconf 80' lang='lat' dir='ltr'>quasi</span> <span class='ocrx_word' id='word_1_5' title='bbox 649 494 854 577; x_wconf 88' lang='lat' dir='ltr'>episcopali</span> <span class='ocrx_word' id='word_1_6' title='bbox 870 511 943 558; x_wconf 91' lang='lat' dir='ltr'>non</span> <span class='ocrx_word' id='word_1_7' title='bbox 961 493 1034 558; x_wconf 91' lang='lat' dir='ltr'>sint</span> <span class='ocrx_word' id='word_1_8' title='bbox 1053 494 1197 577; x_wconf 89' lang='lat' dir='ltr'>praedi·</span> 
     </span>
     <span class='ocr_line' id='line_1_3' title="bbox 95 595 1197 682; baseline 0.005 -23"><span class='ocrx_word' id='word_1_9' title='bbox 95 596 125 678; x_wconf 88' lang='lat' dir='ltr'>ti,</span> <span class='ocrx_word' id='word_1_10' title='bbox 140 595 262 661; x_wconf 89' lang='lat' dir='ltr'>habent</span> <span class='ocrx_word' id='word_1_11' title='bbox 289 597 522 664; x_wconf 89' lang='lat' dir='ltr'>nihilominus</span> <span class='ocrx_word' id='word_1_12' title='bbox 539 601 663 682; x_wconf 90' lang='lat' dir='ltr'>plures</span> <span class='ocrx_word' id='word_1_13' title='bbox 690 599 888 664; x_wconf 79' lang='lat' dir='ltr'><strong>facultates</strong></span> <span class='ocrx_word' id='word_1_14' title='bbox 911 617 934 662; x_wconf 90' lang='lat' dir='ltr'>a</span> <span class='ocrx_word' id='word_1_15' title='bbox 949 597 1086 664; x_wconf 87' lang='lat' dir='ltr'>Sancta</span> <span class='ocrx_word' id='word_1_16' title='bbox 1103 597 1197 665; x_wconf 84' lang='lat' dir='ltr'>Sede</span> 
     </span>
     <span class='ocr_line' id='line_1_4' title="bbox 94 705 1199 788; baseline 0.005 -24"><span class='ocrx_word' id='word_1_17' title='bbox 94 707 249 785; x_wconf 87' lang='lat' dir='ltr'>receptas,</span> <span class='ocrx_word' id='word_1_18' title='bbox 278 720 323 768; x_wconf 91' lang='lat' dir='ltr'>ac</span> <span class='ocrx_word' id='word_1_19' title='bbox 346 705 500 786; x_wconf 78' lang='lat' dir='ltr'>proinde</span> <span class='ocrx_word' id='word_1_20' title='bbox 532 705 611 786; x_wconf 81' lang='lat' dir='ltr'>eJ&#39;us</span> <span class='ocrx_word' id='word_1_21' title='bbox 642 706 833 770; x_wconf 84' lang='lat' dir='ltr'>sanctione</span> <span class='ocrx_word' id='word_1_22' title='bbox 867 705 1045 787; x_wconf 88' lang='lat' dir='ltr'>indigent;</span> <span class='ocrx_word' id='word_1_23' title='bbox 1077 705 1199 788; x_wconf 92' lang='lat' dir='ltr'>quoad</span> 
     </span>
     <span class='ocr_line' id='line_1_5' title="bbox 93 805 1196 894; baseline 0.003 -23"><span class='ocrx_word' id='word_1_24' title='bbox 93 805 379 891; x_wconf 68' lang='lat' dir='ltr'>congregationes</span> <span class='ocrx_word' id='word_1_25' title='bbox 413 809 650 876; x_wconf 87' lang='lat' dir='ltr'>dioecesanas</span> <span class='ocrx_word' id='word_1_26' title='bbox 682 812 843 894; x_wconf 88' lang='lat' dir='ltr'>paritate</span> <span class='ocrx_word' id='word_1_27' title='bbox 877 811 1031 875; x_wconf 86' lang='lat' dir='ltr'>rationis</span> <span class='ocrx_word' id='word_1_28' title='bbox 1069 830 1091 874; x_wconf 89' lang='lat' dir='ltr'>a</span> <span class='ocrx_word' id='word_1_29' title='bbox 1122 812 1196 875; x_wconf 88' lang='lat' dir='ltr'>suis</span> 
     </span>
     <span class='ocr_line' id='line_1_6' title="bbox 94 911 614 1000; baseline 0.01 -23"><span class='ocrx_word' id='word_1_30' title='bbox 94 911 260 997; x_wconf 81' lang='lat' dir='ltr'>Episcopis</span> <span class='ocrx_word' id='word_1_31' title='bbox 277 916 423 981; x_wconf 87' lang='lat' dir='ltr'>omuino</span> <span class='ocrx_word' id='word_1_32' title='bbox 441 916 614 1000; x_wconf 88' lang='lat' dir='ltr'>pendent.</span> 
     </span>
    </p>

    <p class='ocr_par' dir='ltr' id='par_1_3' title="bbox 88 1020 1258 2058">
     <span class='ocr_line' id='line_1_7' title="bbox 162 1020 1198 1110; baseline 0.002 -26"><span class='ocrx_word' id='word_1_33' title='bbox 162 1020 224 1086; x_wconf 90' lang='lat' dir='ltr'>Jus</span> <span class='ocrx_word' id='word_1_34' title='bbox 251 1022 474 1089; x_wconf 74' lang='lat' dir='ltr'>dissolvendi.</span> <span class='ocrx_word' id='word_1_35' title='bbox 493 1022 682 1088; x_wconf 77' lang='lat' dir='ltr'>Ecclesiae</span> <span class='ocrx_word' id='word_1_36' title='bbox 710 1040 854 1106; x_wconf 90' lang='lat' dir='ltr'>quoque</span> <span class='ocrx_word' id='word_1_37' title='bbox 884 1022 1116 1110; x_wconf 87' lang='lat' dir='ltr'>tribuendum</span> <span class='ocrx_word' id='word_1_38' title='bbox 1142 1027 1198 1087; x_wconf 85' lang='lat' dir='ltr'>est</span> 
     </span>
     <span class='ocr_line' id='line_1_8' title="bbox 88 1126 1197 1212; baseline 0.002 -22"><span class='ocrx_word' id='word_1_39' title='bbox 88 1126 133 1206; x_wconf 85' lang='lat' dir='ltr'>jus</span> <span class='ocrx_word' id='word_1_40' title='bbox 148 1129 306 1192; x_wconf 86' lang='lat' dir='ltr'>nativum</span> <span class='ocrx_word' id='word_1_41' title='bbox 323 1135 433 1212; x_wconf 92' lang='lat' dir='ltr'>atque</span> <span class='ocrx_word' id='word_1_42' title='bbox 448 1130 675 1195; x_wconf 86' lang='lat' dir='ltr'>exclusivum</span> <span class='ocrx_word' id='word_1_43' title='bbox 692 1127 847 1195; x_wconf 90' lang='lat' dir='ltr'>Ordines</span> <span class='ocrx_word' id='word_1_44' title='bbox 863 1129 925 1193; x_wconf 93' lang='lat' dir='ltr'>vel</span> <span class='ocrx_word' id='word_1_45' title='bbox 939 1127 1197 1211; x_wconf 72' lang='lat' dir='ltr'>congregatio-</span> 
     </span>
     <span class='ocr_line' id='line_1_9' title="bbox 92 1233 1197 1316; baseline 0.005 -21"><span class='ocrx_word' id='word_1_46' title='bbox 92 1249 141 1295; x_wconf 90' lang='lat' dir='ltr'>nes</span> <span class='ocrx_word' id='word_1_47' title='bbox 162 1233 394 1316; x_wconf 85' lang='lat' dir='ltr'>dissolvendi3</span> <span class='ocrx_word' id='word_1_48' title='bbox 414 1236 547 1300; x_wconf 87' lang='lat' dir='ltr'>etenim</span> <span class='ocrx_word' id='word_1_49' title='bbox 564 1235 752 1300; x_wconf 87' lang='lat' dir='ltr'>dissolutio</span> <span class='ocrx_word' id='word_1_50' title='bbox 783 1236 979 1316; x_wconf 78' lang='lat' dir='ltr'>quuslibet</span> <span class='ocrx_word' id='word_1_51' title='bbox 1008 1235 1197 1300; x_wconf 87' lang='lat' dir='ltr'>societatis</span> 
     </span>
     <span class='ocr_line' id='line_1_10' title="bbox 91 1337 1195 1426; baseline 0.004 -24"><span class='ocrx_word' id='word_1_52' title='bbox 91 1337 153 1404; x_wconf 87' lang='lat' dir='ltr'>lieri</span> <span class='ocrx_word' id='word_1_53' title='bbox 164 1345 300 1405; x_wconf 87' lang='lat' dir='ltr'>tantum</span> <span class='ocrx_word' id='word_1_54' title='bbox 314 1347 437 1424; x_wconf 91' lang='lat' dir='ltr'>potest</span> <span class='ocrx_word' id='word_1_55' title='bbox 458 1345 504 1408; x_wconf 86' lang='lat' dir='ltr'>ab</span> <span class='ocrx_word' id='word_1_56' title='bbox 519 1345 597 1426; x_wconf 72' lang='lat' dir='ltr'>eius</span> <span class='ocrx_word' id='word_1_57' title='bbox 611 1344 842 1422; x_wconf 86' lang='lat' dir='ltr'>auctoritate,</span> <span class='ocrx_word' id='word_1_58' title='bbox 859 1343 920 1425; x_wconf 91' lang='lat' dir='ltr'>qui</span> <span class='ocrx_word' id='word_1_59' title='bbox 934 1361 1015 1407; x_wconf 88' lang='lat' dir='ltr'>eam</span> <span class='ocrx_word' id='word_1_60' title='bbox 1027 1343 1195 1424; x_wconf 90' lang='lat' dir='ltr'>instituit;</span> 
     </span>
     <span class='ocr_line' id='line_1_11' title="bbox 91 1448 1197 1533; baseline 0.004 -25"><span class='ocrx_word' id='word_1_61' title='bbox 91 1451 263 1526; x_wconf 86' lang='lat' dir='ltr'>praeterea</span> <span class='ocrx_word' id='word_1_62' title='bbox 279 1449 504 1514; x_wconf 86' lang='lat' dir='ltr'>solummodo</span> <span class='ocrx_word' id='word_1_63' title='bbox 524 1449 690 1514; x_wconf 79' lang='lat' dir='ltr'>Ecclesia</span> <span class='ocrx_word' id='word_1_64' title='bbox 714 1449 890 1533; x_wconf 91' lang='lat' dir='ltr'>judicium</span> <span class='ocrx_word' id='word_1_65' title='bbox 917 1450 1016 1514; x_wconf 87' lang='lat' dir='ltr'>ferre</span> <span class='ocrx_word' id='word_1_66' title='bbox 1033 1450 1135 1512; x_wconf 88' lang='lat' dir='ltr'>valet</span> <span class='ocrx_word' id='word_1_67' title='bbox 1151 1448 1197 1512; x_wconf 90' lang='lat' dir='ltr'>de</span> 
     </span>
     <span class='ocr_line' id='line_1_12' title="bbox 91 1551 1198 1640; baseline 0.003 -25"><span class='ocrx_word' id='word_1_68' title='bbox 91 1551 144 1617; x_wconf 89' lang='lat' dir='ltr'>boc</span> <span class='ocrx_word' id='word_1_69' title='bbox 158 1555 290 1638; x_wconf 90' lang='lat' dir='ltr'>duplici</span> <span class='ocrx_word' id='word_1_70' title='bbox 320 1555 502 1620; x_wconf 85' lang='lat' dir='ltr'>facto:1.⁰</span> <span class='ocrx_word' id='word_1_71' title='bbox 527 1555 671 1640; x_wconf 83' lang='lat' dir='ltr'>quando</span> <span class='ocrx_word' id='word_1_72' title='bbox 704 1555 972 1620; x_wconf 85' lang='lat' dir='ltr'>adsociationes</span> <span class='ocrx_word' id='word_1_73' title='bbox 1001 1555 1198 1636; x_wconf 84' lang='lat' dir='ltr'>religiosae</span> 
     </span>
     <span class='ocr_line' id='line_1_13' title="bbox 91 1659 1195 1746; baseline 0.005 -25"><span class='ocrx_word' id='word_1_74' title='bbox 91 1659 153 1724; x_wconf 91' lang='lat' dir='ltr'>sive</span> <span class='ocrx_word' id='word_1_75' title='bbox 167 1681 230 1744; x_wconf 89' lang='lat' dir='ltr'>per</span> <span class='ocrx_word' id='word_1_76' title='bbox 256 1682 296 1729; x_wconf 87' lang='lat' dir='ltr'>se</span> <span class='ocrx_word' id='word_1_77' title='bbox 313 1664 393 1730; x_wconf 90' lang='lat' dir='ltr'>sive</span> <span class='ocrx_word' id='word_1_78' title='bbox 414 1681 480 1746; x_wconf 94' lang='lat' dir='ltr'>per</span> <span class='ocrx_word' id='word_1_79' title='bbox 511 1662 682 1727; x_wconf 90' lang='lat' dir='ltr'>accidens</span> <span class='ocrx_word' id='word_1_80' title='bbox 713 1662 955 1727; x_wconf 83' lang='lat' dir='ltr'>adversentur</span> <span class='ocrx_word' id='word_1_81' title='bbox 990 1663 1085 1726; x_wconf 90' lang='lat' dir='ltr'>bono</span> <span class='ocrx_word' id='word_1_82' title='bbox 1106 1662 1195 1726; x_wconf 90' lang='lat' dir='ltr'>inte·</span> 
     </span>
     <span class='ocr_line' id='line_1_14' title="bbox 91 1766 1258 1853; baseline 0.003 -25"><span class='ocrx_word' id='word_1_83' title='bbox 91 1781 161 1844; x_wconf 86' lang='lat' dir='ltr'>grae</span> <span class='ocrx_word' id='word_1_84' title='bbox 181 1769 368 1833; x_wconf 90' lang='lat' dir='ltr'>societatis</span> <span class='ocrx_word' id='word_1_85' title='bbox 385 1767 619 1848; x_wconf 90' lang='lat' dir='ltr'>christianae;</span> <span class='ocrx_word' id='word_1_86' title='bbox 637 1767 691 1830; x_wconf 79' lang='lat'>2.⁰</span> <span class='ocrx_word' id='word_1_87' title='bbox 718 1766 950 1850; x_wconf 88' lang='lat' dir='ltr'>quandonam</span> <span class='ocrx_word' id='word_1_88' title='bbox 969 1785 1057 1833; x_wconf 88' lang='lat' dir='ltr'>vero</span> <span class='ocrx_word' id='word_1_89' title='bbox 1088 1767 1198 1832; x_wconf 84' lang='lat' dir='ltr'>utiles</span> <span class='ocrx_word' id='word_1_90' title='bbox 1256 1847 1258 1853; x_wconf 10' lang='lat' dir='ltr'>k</span> 
     </span>
     <span class='ocr_line' id='line_1_15' title="bbox 91 1871 1199 1957; baseline 0.005 -25"><span class='ocrx_word' id='word_1_91' title='bbox 91 1871 138 1934; x_wconf 89' lang='lat' dir='ltr'>vel</span> <span class='ocrx_word' id='word_1_92' title='bbox 164 1874 307 1940; x_wconf 85' lang='lat' dir='ltr'>inutiles</span> <span class='ocrx_word' id='word_1_93' title='bbox 340 1874 545 1939; x_wconf 87' lang='lat' dir='ltr'>censendae</span> <span class='ocrx_word' id='word_1_94' title='bbox 569 1875 641 1938; x_wconf 88' lang='lat' dir='ltr'>sint</span> <span class='ocrx_word' id='word_1_95' title='bbox 672 1891 738 1957; x_wconf 89' lang='lat' dir='ltr'>pro</span> <span class='ocrx_word' id='word_1_96' title='bbox 760 1874 987 1956; x_wconf 83' lang='lat' dir='ltr'>perfectione</span> <span class='ocrx_word' id='word_1_97' title='bbox 1021 1875 1199 1957; x_wconf 71' lang='lat' dir='ltr'>cuiusque</span> 
     </span>
     <span class='ocr_line' id='line_1_16' title="bbox 92 1980 284 2058; baseline 0.026 -17"><span class='ocrx_word' id='word_1_98' title='bbox 92 1980 284 2058; x_wconf 87' lang='lat' dir='ltr'>profitentis.</span> 
     </span>
    </p>

    <p class='ocr_par' dir='ltr' id='par_1_4' title="bbox 161 2085 1198 2170">
     <span class='ocr_line' id='line_1_17' title="bbox 161 2085 1198 2170; baseline 0 -18"><span class='ocrx_word' id='word_1_99' title='bbox 161 2085 277 2152; x_wconf 88' lang='lat' dir='ltr'>Semel</span> <span class='ocrx_word' id='word_1_100' title='bbox 295 2093 416 2152; x_wconf 92' lang='lat' dir='ltr'>autem</span> <span class='ocrx_word' id='word_1_101' title='bbox 434 2087 621 2152; x_wconf 89' lang='lat' dir='ltr'>vindicata</span> <span class='ocrx_word' id='word_1_102' title='bbox 639 2087 826 2152; x_wconf 77' lang='lat' dir='ltr'>Ecclesiae</span> <span class='ocrx_word' id='word_1_103' title='bbox 839 2092 1024 2170; x_wconf 87' lang='lat' dir='ltr'>potestate</span> <span class='ocrx_word' id='word_1_104' title='bbox 1043 2088 1198 2169; x_wconf 90' lang='lat' dir='ltr'>Religio-</span> 
     </span>
    </p>
   </div>
   <div class='ocr_carea' id='block_1_3' title="bbox 91 2193 1199 2490">
    <p class='ocr_par' dir='ltr' id='par_1_5' title="bbox 91 2193 1199 2490">
     <span class='ocr_line' id='line_1_18' title="bbox 92 2193 1199 2276; baseline 0.003 -23"><span class='ocrx_word' id='word_1_105' title='bbox 92 2207 141 2256; x_wconf 88' lang='lat' dir='ltr'>ues</span> <span class='ocrx_word' id='word_1_106' title='bbox 155 2193 389 2275; x_wconf 88' lang='lat' dir='ltr'>dissolvendi,</span> <span class='ocrx_word' id='word_1_107' title='bbox 408 2201 507 2258; x_wconf 90' lang='lat' dir='ltr'>recte</span> <span class='ocrx_word' id='word_1_108' title='bbox 524 2195 757 2276; x_wconf 89' lang='lat' dir='ltr'>consequitur</span> <span class='ocrx_word' id='word_1_109' title='bbox 786 2194 833 2258; x_wconf 90' lang='lat' dir='ltr'>ad</span> <span class='ocrx_word' id='word_1_110' title='bbox 845 2213 847 2218; x_wconf 92' lang='lat'>·</span> <span class='ocrx_word' id='word_1_111' title='bbox 861 2211 941 2258; x_wconf 89' lang='lat' dir='ltr'>eam</span> <span class='ocrx_word' id='word_1_112' title='bbox 978 2194 1084 2258; x_wconf 89' lang='lat' dir='ltr'>unice</span> <span class='ocrx_word' id='word_1_113' title='bbox 1120 2211 1199 2274; x_wconf 91' lang='lat' dir='ltr'>spe·</span> 
     </span>
     <span class='ocr_line' id='line_1_19' title="bbox 91 2299 1197 2384; baseline 0.003 -25"><span class='ocrx_word' id='word_1_114' title='bbox 91 2301 174 2364; x_wconf 86' lang='lat' dir='ltr'>utare</span> <span class='ocrx_word' id='word_1_115' title='bbox 185 2302 244 2382; x_wconf 79' lang='lat' dir='ltr'>Jus</span> <span class='ocrx_word' id='word_1_116' title='bbox 257 2300 474 2384; x_wconf 91' lang='lat' dir='ltr'>disponendi</span> <span class='ocrx_word' id='word_1_117' title='bbox 491 2300 535 2365; x_wconf 87' lang='lat' dir='ltr'>do</span> <span class='ocrx_word' id='word_1_118' title='bbox 551 2301 653 2364; x_wconf 89' lang='lat' dir='ltr'>bonis</span> <span class='ocrx_word' id='word_1_119' title='bbox 667 2301 941 2383; x_wconf 88' lang='lat' dir='ltr'>temporalibus,</span> <span class='ocrx_word' id='word_1_120' title='bbox 961 2317 1054 2383; x_wconf 84' lang='lat' dir='ltr'>quae</span> <span class='ocrx_word' id='word_1_121' title='bbox 1085 2299 1197 2380; x_wconf 90' lang='lat' dir='ltr'>possi·</span> 
     </span>
     <span class='ocr_line' id='line_1_20' title="bbox 92 2401 1198 2490; baseline 0.003 -25"><span class='ocrx_word' id='word_1_122' title='bbox 92 2401 216 2488; x_wconf 81' lang='lat' dir='ltr'>debaut3</span> <span class='ocrx_word' id='word_1_123' title='bbox 243 2407 448 2490; x_wconf 90' lang='lat' dir='ltr'>hujusmodi</span> <span class='ocrx_word' id='word_1_124' title='bbox 482 2408 578 2472; x_wconf 89' lang='lat' dir='ltr'>enim</span> <span class='ocrx_word' id='word_1_125' title='bbox 604 2409 701 2472; x_wconf 88' lang='lat' dir='ltr'>bona</span> <span class='ocrx_word' id='word_1_126' title='bbox 726 2408 771 2472; x_wconf 91' lang='lat' dir='ltr'>ad</span> <span class='ocrx_word' id='word_1_127' title='bbox 798 2406 988 2471; x_wconf 89' lang='lat' dir='ltr'>individua</span> <span class='ocrx_word' id='word_1_128' title='bbox 1018 2423 1089 2470; x_wconf 93' lang='lat' dir='ltr'>non</span> <span class='ocrx_word' id='word_1_129' title='bbox 1118 2423 1198 2487; x_wconf 92' lang='lat' dir='ltr'>per-</span> 
     </span>
    </p>
   </div>
   <div class='ocr_carea' id='block_1_4' title="bbox 89 2510 1251 4299">
    <p class='ocr_par' dir='ltr' id='par_1_6' title="bbox 92 2510 1203 3340">
     <span class='ocr_line' id='line_1_21' title="bbox 92 2510 1203 2595; baseline 0.002 -23"><span class='ocrx_word' id='word_1_130' title='bbox 92 2510 198 2595; x_wconf 87' lang='lat' dir='ltr'>tinent,</span> <span class='ocrx_word' id='word_1_131' title='bbox 235 2514 300 2578; x_wconf 88' lang='lat' dir='ltr'>sed</span> <span class='ocrx_word' id='word_1_132' title='bbox 339 2513 387 2577; x_wconf 88' lang='lat' dir='ltr'>ad</span> <span class='ocrx_word' id='word_1_133' title='bbox 425 2511 597 2579; x_wconf 87' lang='lat' dir='ltr'>Ordinem</span> <span class='ocrx_word' id='word_1_134' title='bbox 630 2519 693 2577; x_wconf 89' lang='lat' dir='ltr'>aut</span> <span class='ocrx_word' id='word_1_135' title='bbox 724 2511 1068 2595; x_wconf 64' lang='lat' dir='ltr'>congregationem</span> <span class='ocrx_word' id='word_1_136' title='bbox 1104 2511 1203 2575; x_wconf 89' lang='lat' dir='ltr'>unde·</span> 
     </span>
     <span class='ocr_line' id='line_1_22' title="bbox 92 2614 1200 2710; baseline 0.002 -31"><span class='ocrx_word' id='word_1_137' title='bbox 92 2614 246 2684; x_wconf 84' lang='lat' dir='ltr'>dissoluta</span> <span class='ocrx_word' id='word_1_138' title='bbox 274 2620 463 2702; x_wconf 85' lang='lat' dir='ltr'>societate,</span> <span class='ocrx_word' id='word_1_139' title='bbox 483 2637 576 2703; x_wconf 86' lang='lat' dir='ltr'>quae</span> <span class='ocrx_word' id='word_1_140' title='bbox 606 2639 672 2702; x_wconf 93' lang='lat' dir='ltr'>pro</span> <span class='ocrx_word' id='word_1_141' title='bbox 701 2637 811 2703; x_wconf 91' lang='lat' dir='ltr'>scopo</span> <span class='ocrx_word' id='word_1_142' title='bbox 846 2619 1200 2710; x_wconf 88' lang='lat' dir='ltr'>religiosoinstituta</span> 
     </span>
     <span class='ocr_line' id='line_1_23' title="bbox 92 2724 1200 2809; baseline 0.004 -25"><span class='ocrx_word' id='word_1_143' title='bbox 92 2730 166 2808; x_wconf 88' lang='lat' dir='ltr'>erat,</span> <span class='ocrx_word' id='word_1_144' title='bbox 183 2733 290 2809; x_wconf 89' lang='lat' dir='ltr'>atque</span> <span class='ocrx_word' id='word_1_145' title='bbox 308 2727 498 2791; x_wconf 89' lang='lat' dir='ltr'>deficiente</span> <span class='ocrx_word' id='word_1_146' title='bbox 523 2728 634 2791; x_wconf 88' lang='lat' dir='ltr'>etiam</span> <span class='ocrx_word' id='word_1_147' title='bbox 657 2744 768 2808; x_wconf 87' lang='lat' dir='ltr'>scopo</span> <span class='ocrx_word' id='word_1_148' title='bbox 798 2727 968 2808; x_wconf 87' lang='lat' dir='ltr'>specifico</span> <span class='ocrx_word' id='word_1_149' title='bbox 998 2724 1200 2807; x_wconf 87' lang='lat' dir='ltr'>Religionis</span> 
     </span>
     <span class='ocr_line' id='line_1_24' title="bbox 92 2831 1200 2915; baseline 0.003 -21"><span class='ocrx_word' id='word_1_150' title='bbox 92 2845 143 2908; x_wconf 89' lang='lat' dir='ltr'>per</span> <span class='ocrx_word' id='word_1_151' title='bbox 157 2833 290 2898; x_wconf 87' lang='lat' dir='ltr'>fectum</span> <span class='ocrx_word' id='word_1_152' title='bbox 318 2831 576 2915; x_wconf 89' lang='lat' dir='ltr'>dissolutionis,</span> <span class='ocrx_word' id='word_1_153' title='bbox 595 2837 762 2898; x_wconf 86' lang='lat' dir='ltr'>remanet</span> <span class='ocrx_word' id='word_1_154' title='bbox 789 2837 912 2897; x_wconf 89' lang='lat' dir='ltr'>tamen</span> <span class='ocrx_word' id='word_1_155' title='bbox 930 2850 1062 2915; x_wconf 88' lang='lat' dir='ltr'>scopus</span> <span class='ocrx_word' id='word_1_156' title='bbox 1090 2849 1200 2914; x_wconf 89' lang='lat' dir='ltr'>gene-</span> 
     </span>
     <span class='ocr_line' id='line_1_25' title="bbox 92 2935 1200 3024; baseline 0.005 -27"><span class='ocrx_word' id='word_1_157' title='bbox 92 2935 182 3020; x_wconf 86' lang='lat' dir='ltr'>ricus,</span> <span class='ocrx_word' id='word_1_158' title='bbox 198 2940 353 3024; x_wconf 92' lang='lat' dir='ltr'>ideoque</span> <span class='ocrx_word' id='word_1_159' title='bbox 372 2939 617 3004; x_wconf 88' lang='lat' dir='ltr'>devolvuntur</span> <span class='ocrx_word' id='word_1_160' title='bbox 642 2940 811 3005; x_wconf 90' lang='lat' dir='ltr'>societati</span> <span class='ocrx_word' id='word_1_161' title='bbox 828 2957 892 3003; x_wconf 91' lang='lat' dir='ltr'>seu</span> <span class='ocrx_word' id='word_1_162' title='bbox 911 2957 1092 3021; x_wconf 87' lang='lat' dir='ltr'>personae</span> <span class='ocrx_word' id='word_1_163' title='bbox 1119 2956 1200 3020; x_wconf 91' lang='lat' dir='ltr'>per·</span> 
     </span>
     <span class='ocr_line' id='line_1_26' title="bbox 92 3042 1202 3130; baseline 0.001 -24"><span class='ocrx_word' id='word_1_164' title='bbox 92 3042 204 3130; x_wconf 76' lang='lat' dir='ltr'>terme,</span> <span class='ocrx_word' id='word_1_165' title='bbox 219 3049 277 3112; x_wconf 92' lang='lat' dir='ltr'>cui</span> <span class='ocrx_word' id='word_1_166' title='bbox 300 3048 471 3130; x_wconf 88' lang='lat' dir='ltr'>generice</span> <span class='ocrx_word' id='word_1_167' title='bbox 488 3049 681 3112; x_wconf 85' lang='lat' dir='ltr'>commissa</span> <span class='ocrx_word' id='word_1_168' title='bbox 697 3053 752 3112; x_wconf 90' lang='lat' dir='ltr'>est</span> <span class='ocrx_word' id='word_1_169' title='bbox 782 3065 871 3112; x_wconf 88' lang='lat' dir='ltr'>cura</span> <span class='ocrx_word' id='word_1_170' title='bbox 904 3045 1144 3129; x_wconf 88' lang='lat' dir='ltr'>promovendi</span> <span class='ocrx_word' id='word_1_171' title='bbox 1163 3047 1202 3107; x_wconf 90' lang='lat' dir='ltr'>et</span> 
     </span>
     <span class='ocr_line' id='line_1_27' title="bbox 92 3153 1201 3236; baseline 0.001 -24"><span class='ocrx_word' id='word_1_172' title='bbox 92 3153 293 3236; x_wconf 84' lang='lat' dir='ltr'>exsequendi</span> <span class='ocrx_word' id='word_1_173' title='bbox 323 3154 430 3218; x_wconf 88' lang='lat' dir='ltr'>tinem</span> <span class='ocrx_word' id='word_1_174' title='bbox 448 3154 669 3236; x_wconf 88' lang='lat' dir='ltr'>religiosum,</span> <span class='ocrx_word' id='word_1_175' title='bbox 687 3154 757 3218; x_wconf 90' lang='lat' dir='ltr'>nisi</span> <span class='ocrx_word' id='word_1_176' title='bbox 773 3153 945 3235; x_wconf 87' lang='lat' dir='ltr'>specialis</span> <span class='ocrx_word' id='word_1_177' title='bbox 964 3153 1201 3216; x_wconf 84' lang='lat' dir='ltr'>fundatorum</span> 
     </span>
     <span class='ocr_line' id='line_1_28' title="bbox 92 3256 841 3340; baseline 0.008 -26"><span class='ocrx_word' id='word_1_178' title='bbox 92 3259 142 3318; x_wconf 89' lang='lat' dir='ltr'>aut</span> <span class='ocrx_word' id='word_1_179' title='bbox 155 3256 361 3322; x_wconf 90' lang='lat' dir='ltr'>donantium</span> <span class='ocrx_word' id='word_1_180' title='bbox 378 3257 549 3322; x_wconf 90' lang='lat' dir='ltr'>voluntas</span> <span class='ocrx_word' id='word_1_181' title='bbox 562 3263 690 3340; x_wconf 89' lang='lat' dir='ltr'>aperte</span> <span class='ocrx_word' id='word_1_182' title='bbox 707 3257 841 3321; x_wconf 92' lang='lat' dir='ltr'>obstet.</span> 
     </span>
    </p>

    <p class='ocr_par' dir='ltr' id='par_1_7' title="bbox 89 3360 1251 4299">
     <span class='ocr_line' id='line_1_29' title="bbox 163 3360 1199 3446; baseline -0.003 -20"><span class='ocrx_word' id='word_1_183' title='bbox 163 3361 225 3426; x_wconf 87' lang='lat' dir='ltr'>Jus</span> <span class='ocrx_word' id='word_1_184' title='bbox 241 3365 472 3446; x_wconf 86' lang='lat' dir='ltr'>quaestiones</span> <span class='ocrx_word' id='word_1_185' title='bbox 493 3365 639 3428; x_wconf 88' lang='lat' dir='ltr'>obortas</span> <span class='ocrx_word' id='word_1_186' title='bbox 656 3364 856 3428; x_wconf 80' lang='lat' dir='ltr'>dirimendi.</span> <span class='ocrx_word' id='word_1_187' title='bbox 876 3361 918 3425; x_wconf 93' lang='lat' dir='ltr'>In</span> <span class='ocrx_word' id='word_1_188' title='bbox 948 3360 1118 3424; x_wconf 87' lang='lat' dir='ltr'>Ecclesia</span> <span class='ocrx_word' id='word_1_189' title='bbox 1135 3377 1199 3441; x_wconf 88' lang='lat' dir='ltr'>pa-</span> 
     </span>
     <span class='ocr_line' id='line_1_30' title="bbox 92 3464 1200 3551; baseline 0.003 -24"><span class='ocrx_word' id='word_1_190' title='bbox 92 3464 165 3530; x_wconf 89' lang='lat' dir='ltr'>riter</span> <span class='ocrx_word' id='word_1_191' title='bbox 180 3466 412 3551; x_wconf 87' lang='lat' dir='ltr'>agnoscenda</span> <span class='ocrx_word' id='word_1_192' title='bbox 444 3473 499 3535; x_wconf 88' lang='lat' dir='ltr'>est</span> <span class='ocrx_word' id='word_1_193' title='bbox 527 3469 718 3534; x_wconf 82' lang='lat' dir='ltr'>exclusiva</span> <span class='ocrx_word' id='word_1_194' title='bbox 752 3467 999 3549; x_wconf 90' lang='lat' dir='ltr'>competentia</span> <span class='ocrx_word' id='word_1_195' title='bbox 1032 3466 1200 3548; x_wconf 89' lang='lat' dir='ltr'>regulam</span> 
     </span>
     <span class='ocr_line' id='line_1_31' title="bbox 91 3569 1251 3660; baseline 0.001 -25"><span class='ocrx_word' id='word_1_196' title='bbox 91 3569 337 3656; x_wconf 86' lang='lat' dir='ltr'>interpretandi</span> <span class='ocrx_word' id='word_1_197' title='bbox 365 3581 402 3642; x_wconf 91' lang='lat' dir='ltr'>et</span> <span class='ocrx_word' id='word_1_198' title='bbox 425 3577 657 3660; x_wconf 88' lang='lat' dir='ltr'>quaestiones</span> <span class='ocrx_word' id='word_1_199' title='bbox 682 3579 910 3657; x_wconf 87' lang='lat' dir='ltr'>emergentes</span> <span class='ocrx_word' id='word_1_200' title='bbox 938 3573 1202 3639; x_wconf 84' lang='lat' dir='ltr'>auctoritative</span> <span class='ocrx_word' id='word_1_201' title='bbox 1248 3581 1251 3586; x_wconf 82' lang='grc'><em>“</em></span> 
     </span>
     <span class='ocr_line' id='line_1_32' title="bbox 89 3677 1202 3766; baseline 0.002 -25"><span class='ocrx_word' id='word_1_202' title='bbox 89 3677 270 3764; x_wconf 86' lang='lat' dir='ltr'>judicandi,</span> <span class='ocrx_word' id='word_1_203' title='bbox 291 3683 377 3766; x_wconf 88' lang='lat' dir='ltr'>quia</span> <span class='ocrx_word' id='word_1_204' title='bbox 395 3688 558 3765; x_wconf 90' lang='lat' dir='ltr'>potestas</span> <span class='ocrx_word' id='word_1_205' title='bbox 571 3682 756 3764; x_wconf 79' lang='lat' dir='ltr'>Judicialis</span> <span class='ocrx_word' id='word_1_206' title='bbox 784 3681 985 3762; x_wconf 87' lang='lat' dir='ltr'>legitimum</span> <span class='ocrx_word' id='word_1_207' title='bbox 1003 3697 1048 3744; x_wconf 89' lang='lat' dir='ltr'>ac</span> <span class='ocrx_word' id='word_1_208' title='bbox 1077 3697 1202 3744; x_wconf 89' lang='lat' dir='ltr'>neces·</span> 
     </span>
     <span class='ocr_line' id='line_1_33' title="bbox 93 3787 1200 3872; baseline 0 -24"><span class='ocrx_word' id='word_1_209' title='bbox 93 3787 211 3852; x_wconf 87' lang='lat' dir='ltr'>sarium</span> <span class='ocrx_word' id='word_1_210' title='bbox 234 3791 498 3855; x_wconf 85' lang='lat' dir='ltr'>consectarium</span> <span class='ocrx_word' id='word_1_211' title='bbox 515 3795 571 3854; x_wconf 87' lang='lat' dir='ltr'>est</span> <span class='ocrx_word' id='word_1_212' title='bbox 587 3789 779 3872; x_wconf 88' lang='lat' dir='ltr'>potestatis</span> <span class='ocrx_word' id='word_1_213' title='bbox 796 3787 986 3870; x_wconf 64' lang='lat' dir='ltr'>legiferam</span> <span class='ocrx_word' id='word_1_214' title='bbox 1001 3787 1077 3866; x_wconf 79' lang='lat' dir='ltr'>Jam</span> <span class='ocrx_word' id='word_1_215' title='bbox 1097 3803 1200 3865; x_wconf 87' lang='lat' dir='ltr'>vcro,</span> 
     </span>
     <span class='ocr_line' id='line_1_34' title="bbox 93 3890 1200 3978; baseline -0.001 -25"><span class='ocrx_word' id='word_1_216' title='bbox 93 3905 160 3956; x_wconf 90' lang='lat' dir='ltr'>cum</span> <span class='ocrx_word' id='word_1_217' title='bbox 197 3895 241 3959; x_wconf 90' lang='lat' dir='ltr'>ad</span> <span class='ocrx_word' id='word_1_218' title='bbox 274 3895 478 3961; x_wconf 88' lang='lat' dir='ltr'>Ecclesiam</span> <span class='ocrx_word' id='word_1_219' title='bbox 506 3897 589 3978; x_wconf 77' lang='lat' dir='ltr'>Jure</span> <span class='ocrx_word' id='word_1_220' title='bbox 628 3895 777 3977; x_wconf 90' lang='lat' dir='ltr'>proprio</span> <span class='ocrx_word' id='word_1_221' title='bbox 816 3893 971 3957; x_wconf 87' lang='lat' dir='ltr'>attineat</span> <span class='ocrx_word' id='word_1_222' title='bbox 1006 3890 1200 3970; x_wconf 90' lang='lat' dir='ltr'>institutio,</span> 
     </span>
     <span class='ocr_line' id='line_1_35' title="bbox 94 3997 1201 4086; baseline 0.001 -28"><span class='ocrx_word' id='word_1_223' title='bbox 94 4001 291 4080; x_wconf 86' lang='lat' dir='ltr'>approbatio</span> <span class='ocrx_word' id='word_1_224' title='bbox 320 4007 432 4086; x_wconf 86' lang='lat' dir='ltr'>atque</span> <span class='ocrx_word' id='word_1_225' title='bbox 450 4000 624 4069; x_wconf 90' lang='lat' dir='ltr'>Ordinum</span> <span class='ocrx_word' id='word_1_226' title='bbox 650 4000 884 4082; x_wconf 85' lang='lat' dir='ltr'>Regularium</span> <span class='ocrx_word' id='word_1_227' title='bbox 913 3997 1130 4077; x_wconf 90' lang='lat' dir='ltr'>moderatio,</span> <span class='ocrx_word' id='word_1_228' title='bbox 1150 3997 1201 4060; x_wconf 91' lang='lat' dir='ltr'>iu·</span> 
     </span>
     <span class='ocr_line' id='line_1_36' title="bbox 94 4103 1199 4190; baseline 0.001 -25"><span class='ocrx_word' id='word_1_229' title='bbox 94 4106 221 4185; x_wconf 88' lang='lat' dir='ltr'>tegrum</span> <span class='ocrx_word' id='word_1_230' title='bbox 237 4127 279 4174; x_wconf 88' lang='lat' dir='ltr'>uc</span> <span class='ocrx_word' id='word_1_231' title='bbox 295 4109 521 4174; x_wconf 88' lang='lat' dir='ltr'>exclusivum</span> <span class='ocrx_word' id='word_1_232' title='bbox 546 4109 659 4190; x_wconf 90' lang='lat' dir='ltr'>ipsius</span> <span class='ocrx_word' id='word_1_233' title='bbox 676 4107 746 4172; x_wconf 92' lang='lat' dir='ltr'>erit</span> <span class='ocrx_word' id='word_1_234' title='bbox 758 4105 926 4188; x_wconf 85' lang='lat' dir='ltr'>jndicare</span> <span class='ocrx_word' id='word_1_235' title='bbox 944 4103 989 4168; x_wconf 93' lang='lat' dir='ltr'>de</span> <span class='ocrx_word' id='word_1_236' title='bbox 1006 4103 1199 4186; x_wconf 87' lang='lat' dir='ltr'>professio-</span> 
     </span>
     <span class='ocr_line' id='line_1_37' title="bbox 95 4209 1203 4299; baseline 0.001 -27"><span class='ocrx_word' id='word_1_237' title='bbox 95 4209 142 4274; x_wconf 87' lang='lat' dir='ltr'>uie</span> <span class='ocrx_word' id='word_1_238' title='bbox 166 4213 364 4299; x_wconf 86' lang='lat' dir='ltr'>validitate,</span> <span class='ocrx_word' id='word_1_239' title='bbox 383 4220 553 4282; x_wconf 90' lang='lat' dir='ltr'>votorum</span> <span class='ocrx_word' id='word_1_240' title='bbox 588 4215 860 4298; x_wconf 88' lang='lat' dir='ltr'>dispensatione</span> <span class='ocrx_word' id='word_1_241' title='bbox 890 4217 927 4278; x_wconf 90' lang='lat' dir='ltr'>et</span> <span class='ocrx_word' id='word_1_242' title='bbox 958 4211 1203 4276; x_wconf 86' lang='lat' dir='ltr'>saeculariza-</span> 
     </span>
    </p>
   </div>
   <div class='ocr_carea' id='block_1_5' title="bbox 0 0 1540 4994">
    <p class='ocr_par' dir='ltr' id='par_1_8' title="bbox 0 0 1540 4994">
     <span class='ocr_line' id='line_1_38' title="bbox 0 0 1540 4994; baseline 0 0"><span class='ocrx_word' id='word_1_243' title='bbox 0 0 1540 4994; x_wconf 95' lang='lat' dir='ltr'> </span> 
     </span>
    </p>
   </div>
  </div>
 </body>
</html>
