3028 4992
687 689 953 756 ARTICULUS
983 689 1045 754 VI.

739 887 985 953 Suunnmon.

307 1051 365 1102 180.
385 1047 422 1100 2.·
435 1049 545 1100 Thasie:
560 1044 662 1099 dumeti
679 1044 783 1100 Viturii
796 1049 884 1100 terrae
897 1046 1013 1099 detectos
1036 1059 1084 1096 eeu
1106 1057 1177 1094 moue
1189 1039 1311 1093 dominio
1322 1037 1436 1106 quibus·

376 1118 440 1171 dam
449 1117 569 1186 Regibus
578 1117 854 1185 adjudicamut,ouim
860 1117 929 1186 jura
937 1115 1101 1184 populorum
1110 1111 1356 1165 lacteam-181.
1369 1111 1435 1162 Pro-

376 1190 459 1242 batur
477 1191 675 1242 concessiones
690 1190 881 1242 Romanorum
902 1188 1071 1241 Pontificum
1090 1187 1137 1251 jus
1159 1183 1332 1262 populorum·
1349 1181 1436 1262 nullo

377 1268 460 1326 pacto
473 1263 701 1312 violasse-182.
722 1260 882 1313 a.⁸Thesis:
907 1257 984 1312 Petri
1002 1257 1169 1308 Successoree
1190 1269 1245 1306 noa
1268 1251 1435 1332 ανὺιίνανιε.Ι

375 1332 422 1384 aed
428 1331 515 1398 justia
527 1331 616 1384 cauom
628 1329 746 1399 suffulti
759 1331 923 1384 mutuarum
937 1326 1123 1382 commercium
1145 1341 1205 1376 mem
1217 1323 1356 1392 indigenis
1370 1340 1434 1376 uoce

375 1402 448 1456 orbis
468 1401 603 1469 aliquibus
621 1401 798 1468 Principibus
818 1401 1079 1455 tribuerunt-18³.
1102 1397 1276 1450 ostendatur
1295 1395 1434 1446 Summos

376 1475 529 1527 Pontifices
540 1476 617 1540 juste
630 1474 723 1540 egisse
738 1475 802 1526 aliis
815 1473 949 1540 gentibus
968 1471 1131 1524 christianis
1150 1467 1352 1534 permittendo,
1367 1467 1434 1518 aliis

376 1561 443 1598 vero
465 1545 660 1598 interdicendo
682 1548 882 1596 commercium
906 1560 970 1596 cum
991 1541 1104 1608 populis
1127 1541 1241 1592 noviter
1262 1538 1432 1589 detectis.—

378 1619 435 1668 184.
458 1620 501 1668 An
514 1615 611 1667 omnia
625 1615 701 1666 facta
723 1615 867 1678 historica,
882 1618 910 1666 in
933 1613 1037 1680 quibus
1051 1616 1169 1678 apparet
1190 1611 1372 1662 interventus
1387 1609 1433 1660 rel

376 1688 483 1740 decisio
502 1689 652 1752 potestatis
666 1685 842 1754 Pontificius,
856 1703 893 1740 ex
911 1688 974 1752 jure
987 1698 1065 1736 mere
1078 1684 1176 1736 divino
1185 1680 1365 1734 sufficienter
1386 1694 1434 1732 ex·

376 1760 473 1824 plicari
487 1760 607 1824 possint.

395 1917 470 1980 180.
519 1916 757 1981 Praecedenti
787 1918 941 1980 articulo
972 1911 1293 1980 demonstrandum
1327 1929 1435 1975 oura-

304 2023 422 2086 uimus
446 2023 626 2087 Romanos
655 2023 848 2087 Pontifices
879 2041 952 2086 non
981 2021 1131 2084 abusum
1149 2017 1434 2102 praepotentiae

305 2133 472 2209 patrasse
489 2129 550 2192 vel
569 2129 754 2209 indignam
770 2129 1042 2210 usurpationem
1057 2140 1303 2202 consumasse,
1318 2140 1434 2203 quan·

304 2236 349 2299 do
367 2241 511 2299 veteres
529 2236 684 2299 ditiones
703 2243 765 2300 aut
790 2253 887 2298 nova
905 2234 1091 2298 territoria
1118 2231 1298 2314 peculiari
1315 2231 1432 2294 natio·

303 2344 339 2407 ni
365 2343 426 2406 vel
455 2343 632 2424 singulari
662 2343 824 2424 Principi
856 2341 1030 2423 impertiti
1059 2342 1174 2419 fuere,
1201 2337 1265 2401 sed
1294 2339 1432 2417 optimo

300 2450 383 2530 jure
408 2467 487 2512 esse
505 2450 637 2530 potitos
656 2467 721 2531 pro
742 2447 918 2529 ejusmodi
936 2445 1157 2528 specialibus
1186 2444 1432 2507 concessioni·

302 2555 369 2618 bus
399 2555 631 2636 elargiendis;
651 2554 755 2618 modo
786 2560 906 2618 autem
924 2553 1079 2631 rejicere
1109 2555 1219 2632 atque
1238 2550 1432 2613 confutare

304 2661 467 2741 cogimur
485 2661 638 2724 alteram
664 2661 937 2724 accusationem
955 2659 1112 2722 hostium
1137 2655 1297 2720 Sanctae
1313 2654 1430 2734 Sedis,

303 2766 427 2846 inepta
455 2765 714 2829 blaterantium
735 2764 868 2830 Christi
886 2765 1052 2828 Vicarios
1077 2764 1176 2826 hisce
1206 2761 1342 2826 odiosis
1360 2763 1428 2843 pri·

303 2871 448 2950 vilegiis
464 2875 500 2933 at
516 2870 732 2952 partialibus
747 2869 1076 2952 adjudicationibus
1094 2869 1303 2932 libertatem
1318 2885 1431 2949 popu·

303 2979 420 3041 lorum
436 2977 650 3041 vulnerasse
668 2995 712 3041 ao
726 2979 811 3058 jura
827 2977 1011 3041 naturalia
1028 2976 1283 3058 indigenarum
1302 2981 1431 3056 aperte

303 3083 466 3147 laesisse.

392 3189 448 3253 Ad
475 3189 715 3269 detegendam
733 3189 932 3254 falsitatem
953 3194 1063 3271 atque
1091 3188 1284 3270 perfidiam
1314 3189 1430 3253 inimi-

303 3312 427 3359 corum
445 3293 693 3374 Pontificatus,
712 3295 772 3376 qui
791 3295 1041 3358 venerandam
1054 3295 1153 3358 Petri
1170 3293 1429 3359 Successorum

303 3401 514 3464 memoriam
543 3400 749 3481 denigrare,
769 3418 965 3483 eorumque
983 3401 1183 3466 salutarem
1200 3403 1374 3466 influxum
1393 3403 1430 3465 in

303 3513 430 3586 gentes
449 3523 492 3569 ac
517 3505 670 3587 populos
689 3505 797 3570 medii
816 3508 900 3571 aevi
925 3509 962 3570 et
979 3507 1195 3571 recentioris
1213 3509 1347 3572 aetatis
1365 3507 1430 3571 dif-

302 3611 398 3674 fiteri
415 3611 522 3674 veriti
551 3629 623 3676 non
651 3617 745 3692 sunt,
765 3611 935 3676 Romanis
965 3612 1198 3678 Praesulibus
1216 3613 1429 3696 imputando

303 3716 558 3796 gravissimam
588 3719 833 3798 oppressionis
863 3729 898 3781 et
915 3719 1116 3799 injustitiae
1146 3719 1429 3801 contraindige·

303 3840 369 3886 nas
395 3823 482 3886 novi
512 3823 608 3886 orbis
638 3823 869 3904 calumniam,
899 3832 1111 3906 sequentem
1141 3826 1429 3908 propositionem

302 3927 492 3992 vindicare
520 3929 716 4010 pergimus:
739 3927 866 3994 Christi
890 3930 1023 3995 Vtcorii
1052 3939 1167 3996 terror
1191 3933 1342 3997 detector
1369 3952 1431 3995 seu

302 4055 390 4099 renuo
407 4035 561 4100 donninic
579 4035 783 4117 quibusdam
802 4035 947 4120 Regibus
965 4038 1228 4123 adjudicarunt,
1246 4041 1328 4124 quin
1340 4041 1429 4126 jura

296 4141 509 4222 populorum
525 4141 713 4205 laederent.

393 4243 468 4306 181.
520 4243 717 4308 Veritatem
735 4243 841 4324 huJus
865 4243 1062 4312 historicae
1087 4249 1303 4315 assertionis
1320 4248 1430 4314 levis·
