3028 4992
787 390 964 448 -328-

312 547 492 614 personae
508 533 810 614 spectatissimae,
829 551 963 616 magna
987 530 1170 616 sapientia
1203 539 1240 600 et
1256 537 1440 618 singulari

313 637 506 718 prudentia
544 639 752 720 insignitae:
771 636 795 717 ¹²)
829 639 1041 722 frequentes
1077 641 1308 708 dissensiones
1341 643 1443 708 inter
1504 715 1505 732 ἢ

312 743 491 808 Romanos
520 743 711 809 Pontifices
739 749 776 808 et
804 745 1049 828 Imperatores
1081 745 1313 830 Germaniae,
1342 767 1442 834 quae
1504 733 1505 820 i

313 855 471 914 rnutuam
488 850 690 916 Sacerdotii
709 857 746 916 et
759 853 907 934 Imperii
936 853 1169 918 concordiam
1189 857 1347 920 maxime
1366 861 1441 921 tur·
1504 835 1505 924 i

311 957 456 1040 barunt,
477 963 586 1040 atque
602 958 768 1022 scissioni
801 960 987 1042 uirtusque
1020 961 1213 1042 potestatis
1248 962 1346 1026 viam
1365 979 1441 1027 am·
1504 931 1505 992 i

312 1063 410 1145 plam
434 1068 639 1128 sternentes
657 1064 730 1128 vim
755 1066 985 1130 auctoritatis
1003 1065 1216 1131 Pontificiae
1233 1069 1369 1132 sensim
1388 1074 1439 1132 at·
1504 1141 1505 1158 χ

312 1177 520 1250 tenuerunt;
539 1175 564 1248 ⁰)
583 1171 844 1236 celeberrimae
863 1175 1093 1238 contentiones
1110 1173 1269 1256 Philippi
1285 1173 1336 1238 IV
1354 1173 1440 1240 Gal·
1504 1165 1505 1228 i

311 1276 383 1344 liae
400 1283 639 1358 cognomento
657 1278 800 1342 Pulchri
819 1296 898 1342 oum
913 1278 1100 1344 Bonifacio
1116 1279 1214 1360 VIII,
1231 1299 1277 1344 ex
1309 1283 1439 1364 quibus
1504 1293 1505 1314 ³

313 1383 549 1464 proculdubio
568 1383 781 1448 decrescere
799 1387 920 1468 coepit
941 1387 1113 1450 salutaris
1131 1387 1320 1452 Ecclesiae
1339 1389 1436 1453 Sum·

311 1506 522 1570 morumque
536 1487 748 1553 Pontificum
766 1490 921 1554 influxus
945 1491 981 1554 in
1010 1491 1197 1574 Principes
1226 1494 1438 1556 saeculares
1504 1489 1505 1536 t

312 1598 348 1658 et
373 1595 501 1658 civiles
534 1595 743 1676 societates3
760 1593 786 1675 ²¹)
805 1598 990 1662 translatio
1017 1595 1119 1662 Sedis
1149 1599 1386 1680 Apostolieae
1403 1599 1439 1662 iu

311 1703 551 1782 Avenionern;
571 1720 695 1766 omnes
713 1718 869 1785 namque
888 1710 1020 1767 norunt
1038 1711 1112 1768 tum
1131 1704 1347 1786 Ecclesiam,
1364 1715 1437 1770 tum

311 1809 570 1888 suprematiam
602 1809 841 1890 Pontifioiam,
873 1811 1066 1874 occasione
1097 1811 1203 1892 hujus
1221 1813 1437 1896 captiuitatis

311 1915 538 1994 babilonicos,
566 1917 689 1996 prouti
716 1915 879 1979 historici
913 1916 1102 1998 appellare
1131 1917 1250 1981 solent
1277 1918 1436 1982 residen-

312 2021 399 2084 tiam
417 2020 631 2085 Pontificum
648 2022 685 2086 in
704 2023 840 2086 celebri
858 2021 1060 2088 Galliarum
1080 2024 1182 2106 urbe,
1201 2041 1373 2106 magnum
1403 2031 1436 2088 et

310 2129 566 2207 gravissimum
583 2129 716 2192 vulnus
734 2129 881 2208 subiise;
900 2137 926 2212 Θ)
954 2129 1161 2194 diuturnum
1187 2148 1231 2194 ac
1250 2132 1435 2196 ominosis·

310 2233 438 2296 simum
456 2235 604 2298 schisma
624 2232 845 2316 Occidentis,
864 2236 960 2317 quod
978 2237 1144 2319 equidem
1160 2238 1435 2302 venerationem

311 2359 399 2420 erga
418 2341 669 2422 Apostolicam
686 2339 814 2404 Sedem
844 2360 1073 2424 summopere
1091 2343 1281 2422 imminuit,
1303 2351 1433 2408 ortum·

310 2464 380 2527 que
399 2447 497 2510 dedit
513 2449 677 2512 famosae
695 2450 900 2530 quaestioni
919 2450 963 2514 de
991 2451 1250 2532 superioritate
1270 2453 1330 2515 vel
1348 2452 1433 2515 inte·

310 2553 475 2618 rioritate
493 2553 645 2618 Romani
663 2555 848 2619 Pontificis
865 2557 983 2620 relate
1001 2556 1047 2620 ad
1065 2555 1279 2634 Concilium,
1300 2559 1433 2622 acriter

311 2660 473 2740 agitatae
501 2667 537 2723 et
561 2660 652 2724 adeo
687 2679 882 2742 perperam
915 2669 1167 2744 pertractatae
1200 2665 1235 2728 iu
1265 2663 1433 2728 Consiliis

311 2761 632 2828 Constantiensiet
649 2765 862 2848 Basileensi3
884 2765 904 2850 Ι)
934 2768 1097 2832 haeresis
1129 2768 1368 2850 Novatorum,
1400 2787 1432 2833 o·

310 2869 457 2951 mnium,
478 2888 571 2952 quae
586 2871 761 2936 hactenus
779 2873 981 2938 Ecclesiam
996 2873 1228 2952 divexarunt,
1257 2877 1429 2958 pernicio-

310 2977 463 3058 sissima,
485 2979 790 3044 Proteatautismus
815 2999 959 3062 nempe,
979 2981 1039 3063 qui
1065 2983 1206 3046 ruinam
1225 2980 1430 3046 Christiani-

310 3085 395 3148 tatis
429 3085 572 3166 penitus
607 3087 887 3166 consummavit;
922 3105 968 3152 ex
1001 3097 1086 3152 tunc
1120 3090 1238 3169 enim,
1272 3089 1431 3170 pluribus

309 3193 517 3257 nationibus
536 3195 581 3258 ab
599 3193 765 3258 Ecclesia
785 3195 1069 3277 discedentibus,
1089 3197 1219 3278 incipit
1238 3213 1336 3260 nova
1353 3212 1429 3276 epo-

310 3298 433 3363 chain
461 3299 613 3363 historia
631 3299 652 3363 J
657 3299 730 3363 uris
759 3300 897 3365 Publici
924 3301 1088 3382 Externi,
1108 3303 1243 3384 quippe
1262 3301 1430 3365 radicitus

309 3405 519 3470 immutatur
539 3412 643 3470 vetus
661 3423 704 3469 ac
718 3407 896 3486 juridicus
915 3408 1002 3471 ordo
1022 3409 1253 3488 relationum,
1273 3425 1366 3490 quae
1384 3407 1430 3470 in·

310 3515 366 3574 ter
383 3513 595 3575 societatem
613 3513 821 3593 religiosam
836 3519 872 3577 et
888 3515 1033 3579 civilem
1048 3513 1278 3578 intercedere
1292 3514 1429 3578 debent.

399 3618 443 3682 Et
455 3637 557 3701 sane,
576 3639 598 3683 a
616 3619 762 3684 saeculo
781 3620 879 3702 XVI,
898 3623 977 3687 sive
995 3622 1040 3686 ob
1066 3622 1311 3686 deiectionem
1336 3621 1429 3686 Prin·

310 3723 429 3806 cipum
452 3743 576 3790 curam
595 3733 704 3808 atque
720 3729 1008 3794 sacratissimum
1041 3731 1201 3796 officium
1232 3729 1429 3795 Ecclesiam

310 3829 536 3896 Catholieam
569 3833 704 3914 tuendi,
739 3840 933 3917 sectasque
966 3837 1185 3902 dissidentes
1214 3833 1428 3920 reprimendi

310 3935 639 4020 derelinquentium
656 3940 716 4003 vel
731 3941 1004 4025 negligentium,
1022 3945 1102 4009 sive
1135 3945 1180 4009 ob
1211 3945 1366 4010 celerem
1396 3947 1429 4004 at

309 4043 491 4108 funestam
509 4046 811 4128 propagationem
828 4049 938 4112 etiarn
963 4050 1060 4131 apud
1078 4049 1267 4133 Principes
1285 4048 1427 4116 catholi-

310 4165 372 4212 cos
390 4165 566 4216 erroneae
584 4157 620 4215 et
634 4152 797 4217 exitialis
815 4154 1003 4220 doctrinae
1019 4156 1312 4222 Reformatorum
1337 4157 1428 4222 circa

308 4253 508 4318 relationes
523 4255 711 4322 Ecclesiae
729 4275 773 4321 ac
786 4257 923 4341 Status,
943 4261 1023 4324 sive
1039 4260 1182 4327 demum
1200 4262 1244 4326 ob
1258 4259 1427 4345 paralelo-
