3096 4986
806 353 966 412 ..ss0-

328 515 480 579 morum,
500 515 593 581 quae
611 515 633 560 a
650 497 793 579 populis
811 499 950 562 amovit
974 497 1147 578 frequens
1161 495 1354 561 discrimen
1371 511 1466 561 cae-
1533 487 1534 570 i

328 606 383 672 dis
400 613 508 687 atque
525 601 721 684 vindictae,
741 603 777 668 in
794 621 864 686 quo
894 609 1064 667 versatae
1082 607 1189 668 erant
1207 602 1327 683 urbes,
1347 603 1463 667 cives

329 729 373 777 ac
403 728 517 793 regna
545 707 660 773 medio
680 726 786 789 aev03
811 707 864 772 4?
893 709 1105 791 paulatinae
1133 713 1170 773 et
1195 709 1464 792 progressivae

328 817 562 886 limitationes
577 815 598 880 J
602 816 675 880 uris
689 813 877 894 canonici,
897 831 991 896 qnae
1008 815 1142 897 partim
1169 815 1466 880 reclamantibus
1533 875 1534 890 ,

328 924 524 1008 guberniis,
542 923 676 1004 purtim
694 939 781 987 vero
799 922 974 986 suadente
992 940 1090 988 nova
1107 933 1308 1005 temporum
1329 923 1458 988 condi·
1533 933 1534 1014 j

329 1035 440 1110 tione,
455 1031 514 1110 jus
531 1029 625 1109 asyli
641 1029 732 1092 adeo
760 1032 1015 1109 restrixerunt,
1050 1035 1088 1093 ut
1119 1029 1295 1111 quosdam
1312 1035 1463 1094 tantum
1533 1041 1534 1102 i

329 1115 598 1205 oasnsadreos
631 1135 809 1200 leviorum
841 1135 1029 1199 eriminum
1061 1142 1270 1216 spectantes
1295 1136 1459 1216 comple·
1533 1129 1534 1204 i

331 1251 503 1321 cteretur;
522 1240 574 1306 5.⁰
613 1242 730 1324 ipsum
754 1242 980 1306 commodum
1006 1241 1304 1324 delinquentium,
1323 1241 1464 1324 quibus
1533 1279 1534 1304 r

335 1359 435 1414 certe
453 1349 569 1412 levior
583 1355 662 1411 erat
676 1365 794 1429 poena
808 1366 829 1410 a
842 1347 1024 1428 judicibus
1037 1347 1287 1413 saecularibus
1300 1347 1462 1427 inflicta,
1533 1359 1534 1444 J

330 1474 436 1539 qnam
454 1455 677 1536 perlongum
692 1463 845 1535 tempus,
862 1454 976 1517 donec
988 1453 1183 1518 haberetur
1196 1453 1459 1536 praescriptio,

329 1579 477 1628 manere
494 1563 530 1624 in
548 1559 713 1624 Ecclesia
733 1561 845 1624 veluti
863 1562 900 1624 in
918 1577 1080 1641 carcere,
1094 1578 1158 1625 seu
1175 1559 1212 1624 in
1229 1560 1373 1624 exedris
1391 1569 1465 1624 aut
1533 1533 1534 1606 i

330 1670 401 1732 alio
417 1669 580 1732 aedificio
601 1667 767 1747 apposito
786 1669 847 1746 (1).

418 1775 472 1836 36.
520 1773 589 1835 Pro
616 1773 684 1836 hac
714 1773 965 1855 disquisitione
984 1773 1210 1838 absolvenda
1228 1772 1364 1856 aliquid
1392 1789 1458 1838 ne·

337 1897 438 1945 cesse
457 1885 512 1942 est
538 1880 788 1961 pertingamus
805 1879 849 1942 de
866 1880 997 1961 agendi
1015 1881 1155 1944 ratione
1172 1879 1359 1944 Ecclesiae
1385 1880 1464 1946 hac
1533 1879 1534 1964 ζ

330 2003 439 2069 super
456 2003 508 2066 re;
524 1986 716 2066 jamvero,
735 1987 766 2049 si
784 1987 1025 2051 monumentis
1044 1986 1225 2050 historicis
1241 1993 1351 2068 atque
1364 1985 1462 2067 jnri-

330 2093 419 2157 dicis
436 2093 603 2156 standum
631 2093 691 2173 sit,
711 2092 846 2174 liquido
866 2101 967 2174 patet
995 2091 1210 2184 Ecclesiam,
1241 2093 1277 2155 in
1296 2091 1463 2156 materia

335 2201 570 2264 immunitatis
589 2199 723 2281 triplex
740 2205 1077 2280 temperamentum,
1095 2205 1133 2262 ut
1161 2199 1212 2262 ita
1229 2197 1359 2280 dicam,
1379 2216 1459 2263 ser·
1533 2199 1534 2264 i

331 2323 450 2387 vasae,
466 2305 651 2386 videlicet,
667 2307 970 2390 praescriptionis,
985 2305 1261 2390 confirmationis
1275 2311 1310 2367 et
1323 2323 1462 2370 accom—

333 2413 554 2478 enodationis.

420 2519 470 2582 1.0
517 2517 562 2581 Et
579 2515 738 2599 quidem,
770 2515 1035 2598 quamplurima
1049 2521 1087 2580 et
1103 2515 1312 2580 authentica
1329 2515 1458 2581 catho-

329 2623 422 2687 licae
453 2623 656 2686 traditionis
674 2629 710 2687 et
728 2621 949 2687 christianae
979 2623 1209 2704 antiquitatis
1234 2623 1463 2686 documenta

328 2730 432 2793 nobis
463 2729 744 2792 ineluctabiliter
776 2729 1002 2810 patefaciunt
1038 2729 1240 2793 Ecclesiam
1273 2727 1455 2810 quasdam
1533 2743 1534 2750 ³

332 2835 578 2899 immunitates
596 2835 665 2898 sibi
683 2833 890 2899 vindicasse
918 2843 1027 2916 atque
1058 2834 1205 2899 easdem
1233 2834 1463 2898 auctoritate
1533 2911 1534 2926 ἦ

330 2941 480 3024 propria
499 2941 742 3022 constituisse,
759 2943 867 3005 etiam
898 2959 970 3006 non
988 2947 1137 3006 extante
1160 2941 1241 3023 lege
1270 2941 1385 3021 civili,
1401 2943 1459 3006 uti

329 3065 441 3130 supra
469 3047 796 3111 demonstravimus
826 3049 937 3112 allato
971 3049 1176 3112 testimonio
1205 3047 1459 3128 irrefragabili
1533 3033 1534 3038 ἵ

331 3153 481 3218 Patrum
499 3153 753 3218 Africanorum
770 3159 880 3236 (saec.
907 3155 986 3238 III),
1002 3155 1162 3238 ipsarum
1179 3155 1459 3220 observantiam

332 3263 534 3326 formaliter
545 3263 816 3346 praescribendo
835 3274 907 3326 tum
926 3263 1081 3343 clericis,
1111 3271 1185 3326 turn
1213 3261 1329 3341 laicis;
1348 3262 1461 3342 oujns

330 3369 541 3432 assertionis
559 3367 671 3432 vades
699 3369 825 3432 damus
851 3368 1065 3434 Sanctorum
1084 3369 1231 3432 Petrum
1259 3367 1400 3450 scripta
1418 3377 1462 3433 et

331 3473 575 3539 Consiliorum
600 3474 760 3539 decreta.

421 3580 476 3644 De
494 3583 759 3645 immunitates
784 3581 939 3662 tributis,
959 3599 1161 3646 memorare
1177 3583 1335 3647 sufficiat
1353 3583 1457 3649 lucu·

330 3687 431 3752 lenta
459 3686 493 3750 S.
520 3687 680 3754 ioannes
708 3685 957 3769 chrysostomi
985 3689 1111 3769 verba,
1138 3687 1199 3772 qui
1225 3689 1377 3771 loquens
1408 3689 1461 3754 de

400 3960 424 4026 (l
432 3969 440 4024 )
477 3961 509 4012 In
524 3961 661 4027 Hispanis
677 3961 773 4014 Codex
786 3963 914 4029 poenalis
926 3964 973 4029 jus
988 3964 1059 4029 asyli
1072 3977 1109 4016 nc
1122 3962 1237 4029 quidem
1250 3965 1323 4016 inter
1335 3962 1447 4014 circum
1533 3993 1534 4028 ᾗ

333 4031 454 4083 stantius
465 4037 647 4084 attenuantes
659 4035 796 4098 nominat,
810 4034 885 4085 unde
901 4034 1054 4086 hodiedum
1065 4035 1135 4086 nulli
1146 4049 1198 4087 nec
1211 4034 1329 4086 minima
1342 4049 1459 4100 poenae
1533 4033 1534 4106 ξ

330 4117 395 4168 pars
404 4104 545 4155 relaxatur
557 4119 593 4155 ex
604 4103 747 4156 Ecclesiae
771 4105 974 4157 intercessione
988 4107 1017 4157 in
1030 4105 1158 4158 levorem
1177 4107 1225 4169 rei;
1246 4120 1302 4171 qna
1316 4106 1456 4157 decanea
1533 4109 1534 4158 i

329 4174 404 4239 apud
419 4187 471 4224 nos
493 4173 541 4226 vix
564 4175 661 4227 nullus
686 4176 869 4227 adecclosias
895 4176 1029 4240 confugit,
1050 4176 1091 4228 ite
1117 4182 1147 4229 ut
1163 4175 1234 4229 haec
1259 4176 1460 4229 immunitatis
1533 4177 1534 4186 ³

327 4245 536 4298 ecclesiasticae
549 4259 614 4312 pars
627 4261 700 4314 pene
712 4247 841 4300 obsoleta
865 4247 1004 4300 lrabeat-nr
1015 4253 1044 4301 et
1057 4247 1087 4300 in
1099 4247 1274 4302 oblivionem
1293 4248 1457 4302 devenerit
1533 4237 1534 4302 ἶ
