3096 4986
826 395 984 454 ..42-

333 553 392 616 vit
408 550 565 618 Concilii
583 553 791 620 Tridentini
813 555 1110 634 declarationem
1138 555 1266 620 etenim
1293 553 1373 620 Pius
1389 555 1464 636 VI,

335 659 374 724 in
392 659 500 724 Bulla
518 661 729 743 dogmatica
742 663 851 727 toties
868 663 1016 727 laudata
1028 661 1207 728 Auctorem
1219 662 1310 750 fidei,
1325 680 1464 744 propo·

334 767 489 831 sitiones
509 767 628 833 XLIX
646 767 730 834 etL
760 767 897 850 Synodi
927 769 1154 834 pistoriensis
1174 769 1340 832 docentes
1371 765 1463 850 Epi-

334 875 458 956 scopis
472 873 569 938 haud
584 875 697 939 licere
710 878 984 958 suspensionem
999 899 1042 940 en
1053 877 1239 962 informato
1251 876 1465 939 concientia

334 981 448 1062 ferre,
465 989 578 1063 atque
596 982 773 1061 cJusmodi
786 985 1058 1065 suspensionem
1073 982 1203 1046 nullius
1215 999 1292 1044 esse
1305 979 1460 1059 valoris,

335 1087 528 1152 damnavit
544 1087 657 1152 veluti
667 1089 796 1174 sabos,
807 1092 1033 1172 perniciosos,
1046 1089 1194 1154 laesione
1197 1087 1464 1174 jurisdictionis

335 1195 593 1274 Proelntorunt,
611 1198 647 1260 in
665 1197 906 1261 lridenlimtm
920 1195 1107 1263 Concilium
1124 1195 1319 1280 injuriosus.

427 1301 483 1366 22.
536 1301 640 1382 Quod
665 1302 712 1366 ad
742 1303 1007 1384 legitimitatem
1035 1301 1217 1366 facultatis
1248 1299 1461 1364 conciliaris

336 1415 495 1490 spectat,
520 1409 557 1472 iu
582 1407 921 1474 corroborationem
952 1409 1151 1473 'tridentini
1174 1407 1317 1470 Decreti
1344 1413 1462 1488 atque

335 1535 404 1598 pro
423 1516 631 1580 evincenda
649 1517 842 1580 honestate
859 1523 896 1580 et
907 1517 1049 1598 justitia
1081 1531 1269 1598 processus
1296 1513 1458 1594 extraju·

335 1623 480 1686 dicialis
498 1625 697 1687 novissimo
711 1625 795 1704 jure
812 1623 951 1704 statuti,
965 1625 1053 1688 satis
1066 1624 1113 1686 sit
1126 1623 1255 1686 leviter
1271 1621 1462 1684 insinuare

341 1731 544 1812 praecipua
557 1731 739 1794 rationum
759 1737 942 1794 momenta
959 1749 1051 1813 quae
1064 1731 1270 1810 liceitatem,
1287 1735 1457 1809 opportu-

340 1835 506 1914 nitatem,
522 1845 633 1918 atque
651 1838 832 1902 interdum
850 1839 960 1902 etiam
991 1838 1242 1900 necessitatem
1272 1834 1365 1898 huuc
1397 1851 1457 1897 su-

337 1959 503 2023 premum
519 1961 709 2008 recursum
729 1943 925 2008 adhibendi
942 1943 1146 2008 ostendunt:
1173 1940 1223 2006 1.⁰
1238 1941 1456 2005 ecclesiasti·

337 2063 418 2110 cum
438 2049 675 2112 ministerium
696 2049 884 2113 iubenum
903 2049 1089 2114 Ecclesiae
1103 2049 1294 2130 publicum,
1313 2063 1458 2110 necnon

336 2151 384 2216 ad
401 2155 732 2219 sanctificationem
750 2157 786 2220 iu
805 2157 938 2238 populo
955 2157 1152 2220 christiano
1170 2153 1384 2237 gignendam
1403 2155 1456 2217 in-

335 2261 500 2324 stitutum
521 2273 589 2338 est;
608 2263 673 2326 sed
691 2265 787 2328 ratio
815 2265 1003 2345 potissima
1031 2265 1124 2327 bono
1153 2258 1295 2344 publico
1328 2277 1458 2324 eonsu-

337 2367 436 2431 lendi
457 2379 493 2432 et
509 2369 666 2434 fidelium
693 2372 973 2436 sanctificationi
990 2369 1199 2434 intendendi
1215 2369 1361 2451 exigere
1392 2385 1457 2449 po·
1532 2447 1533 2456 ἵ

337 2479 410 2538 test
442 2494 508 2556 pro
535 2479 720 2542 scandalis
745 2477 983 2560 impediendis
1008 2479 1068 2542 vel
1105 2477 1263 2560 peccatis
1295 2473 1458 2540 vitandis
1532 2471 1533 2477 ’

334 2581 511 2661 quosdam
530 2601 602 2646 nou
618 2584 723 2648 modo
741 2603 763 2647 a
776 2585 939 2648 clericali
957 2585 1156 2649 ministerio
1173 2579 1456 2663 extrajudiciali-
1531 2629 1532 2635 κ

336 2691 393 2750 ter
408 2689 566 2766 excludi,
585 2708 712 2754 verum
727 2693 835 2755 etiam
849 2693 894 2754 ab
906 2693 984 2772 ejus
1001 2693 1174 2756 exercitio
1190 2689 1370 2772 suspeudi;
1390 2689 1456 2770 igi-

335 2798 394 2856 tur
409 2811 493 2855 usus
508 2795 694 2860 facultatis
712 2799 1027 2862 extraordinariae
1045 2817 1067 2861 a
1082 2797 1291 2862 Tridentino
1309 2813 1455 2860 conces·

336 2915 400 2962 sae
422 2915 493 2961 uon
516 2901 632 2964 solum
659 2903 757 2966 utilis
782 2913 818 2966 et
842 2911 1079 2986 opportunus,
1106 2903 1169 2968 sed
1201 2903 1295 2968 omni
1319 2909 1454 2984 puncto
1529 2945 1530 2952 κ

335 3007 565 3068 necessarius
604 3007 780 3073 devenire
806 3021 937 3091 potest:
963 3011 1012 3076 2⁰
1036 3011 1204 3093 praefata
1227 3009 1382 3073 facultas
1407 3009 1454 3072 sb

334 3107 524 3191 Episcopis
542 3112 587 3174 ad
603 3113 719 3176 instar
737 3116 887 3178 remedii
904 3117 963 3179 vel
980 3135 1045 3198 per
1060 3115 1202 3180 modum
1227 3115 1454 3196 exceptionis

332 3223 539 3296 exercetur3
559 3219 656 3282 uude
669 3221 771 3298 justa
795 3221 921 3285 baberi
939 3222 1058 3303 debet,
1078 3221 1221 3304 quando
1247 3221 1284 3284 iu
1309 3219 1454 3284 casibus
1527 3263 1528 3270 κ

332 3323 637 3387 extraordinariis
664 3344 798 3407 urgens
834 3333 870 3390 et
904 3329 1181 3411 proportionata
1204 3345 1315 3392 causa
1349 3326 1455 3390 adest

246 3465 250 3470 -
332 3423 433 3488 illam
460 3430 648 3493 exerendi:
676 3431 730 3494 3.⁰
747 3435 929 3498 sententia
961 3456 1004 3499 eo
1033 3435 1223 3519 informato
1246 3433 1454 3499 conscientia

333 3537 389 3590 est
407 3549 578 3597 resmere
597 3539 805 3616 provisoria
833 3557 899 3621 pro
931 3539 1180 3604 determinatis
1209 3539 1388 3621 adjunctis
1416 3547 1454 3602 et

333 3634 579 3715 singularibus
594 3643 751 3724 casibus,
770 3663 916 3726 semper
932 3647 1027 3710 enim
1044 3647 1199 3710 babetur
1221 3663 1389 3710 recursus
1406 3643 1453 3708 ad

330 3737 513 3806 Summum
532 3744 759 3830 Pontificem3
774 3751 870 3830 hinc,
889 3770 969 3816 oum
987 3754 1227 3834 gravissimae
1243 3751 1453 3816 necessitati

331 3847 590 3927 utplurimum
616 3865 801 3936 occurrat,
828 3875 977 3938 prorsus
1006 3859 1168 3941 legitima
1192 3863 1357 3941 apparet,
1384 3857 1453 3921 etsi
1523 3891 1524 3911 t

331 3967 398 4031 pro
417 3953 510 4017 bouo
535 3957 720 4036 spirituali
745 3963 891 4042 publico
917 3963 1108 4028 toleranda
1134 3971 1255 4029 esseut
1278 3963 1453 4026 nonnulla

330 4056 573 4141 incommoda,
594 4080 688 4144 quae
703 4067 900 4150 aliquando
915 4087 980 4151 per
992 4071 1162 4136 accidens
1175 4073 1277 4154 sequi
1290 4076 1449 4154 possent:
1522 4047 1523 4071 ¹

330 4159 385 4223 4.⁰
401 4167 591 4244 suspensio
610 4171 858 4256 colofon-mota
882 4177 1090 4242 conscientia
1114 4179 1277 4260 irrogata
1300 4195 1371 4242 uon
1397 4181 1453 4240 est
1521 4181 1522 4231 l

330 4283 451 4348 poena
474 4269 740 4358 irreparabilis,
764 4277 829 4342 sed
857 4279 1056 4346 remedium
1087 4283 1347 4365 transitorium,
1378 4301 1450 4347 mo·
1520 4329 1521 4389 1
