3062 4994
561 421 740 478 -101-

33 623 35 644 ,
107 562 232 644 quaudo
253 583 322 648 per
349 563 644 645 occideuepoteet
671 563 718 626 ab
745 579 789 627 ea
813 563 1083 644 praescindere,
1111 581 1213 627 num·

107 685 198 749 quiam
221 679 343 734 tamen
370 669 458 734 licet
489 670 646 751 positive
679 671 945 752 contradicere,
975 672 1039 736 sed
1066 677 1208 736 tantum

106 775 267 855 quaedam
292 775 431 858 judicio
461 777 574 858 ipsios
602 777 791 841 Ecclesiae
816 777 994 842 omittere.
1010 774 1050 859 u)
1069 777 1211 842 Deinde

107 878 254 946 Ecclesia
263 883 347 963 jnre
364 883 502 965 potitur
519 883 655 948 cultum
687 901 790 948 suum
808 884 991 966 publicum
1012 884 1208 948 exercendi

106 987 254 1052 omnibus
281 989 396 1052 modis
414 989 554 1054 idoneis
572 991 755 1071 adhibitis,
782 1008 871 1072 quos
902 992 1130 1055 necessarios
1148 991 1210 1055 vel

105 1101 313 1174 opportunos
335 1095 559 1178 judicaverit
574 1115 641 1178 pro
666 1097 789 1160 debita
814 1097 1027 1162 adoratione
1043 1097 1120 1161 Deo
1150 1099 1210 1161 tri·

109 1200 235 1268 buonda
265 1210 302 1268 et
330 1204 530 1268 efficaciori
557 1203 715 1268 fidelium
748 1205 1037 1268 sanctificatione
1069 1223 1210 1286 promo·

107 1309 225 1392 venda,
243 1329 310 1393 age
325 1311 413 1392 jam,
426 1311 581 1375 inficiari
597 1311 722 1392 nequit
735 1311 996 1393 expositionem
1014 1313 1212 1393 imaginum

106 1413 138 1476 in
158 1415 241 1479 locis
269 1417 426 1498 publicis
458 1417 568 1482 valde
593 1418 761 1481 conferre
778 1417 824 1480 ad
840 1417 1038 1482 fovendum
1066 1435 1211 1480 sensum

108 1521 312 1604 religiosum,
332 1525 625 1606 quandoquidem
652 1543 782 1589 sacrae
813 1525 952 1602 effigies
971 1525 1093 1606 palam
1111 1524 1211 1588 exbi-

108 1625 192 1690 bitae
217 1640 317 1694 recte
332 1630 461 1695 haberi
478 1631 612 1695 debent
630 1633 731 1695 velut
747 1647 909 1713 perenne
941 1635 1212 1694 monumentum

109 1732 179 1797 fidei
194 1753 315 1801 eorum
349 1738 410 1819 qui
438 1753 502 1801 eas
520 1744 728 1818 erexerunt,
763 1739 935 1802 solemnis
967 1745 1003 1802 et
1035 1727 1212 1820 explicita

110 1840 276 1922 religionis
290 1845 468 1924 professio
482 1845 602 1926 quoad
614 1845 753 1909 incolas
769 1845 865 1909 illius
878 1845 1039 1909 civitatis
1052 1845 1113 1910 vel
1125 1846 1210 1927 looi,

107 1954 207 2028 etpro
220 1951 492 2015 transeuntibus
511 1953 682 2034 frequens
700 1953 847 2033 pietatis
864 1969 987 2016 causa.

182 2055 233 2119 55.
282 2057 335 2120 2.⁰
355 2055 462 2122 Circa
478 2057 612 2143 tempas
639 2060 674 2122 in
692 2077 762 2141 quo
777 2060 893 2123 cultus
911 2059 1075 2141 publicus
1108 2075 1211 2138 prae-

107 2162 184 2224 stari
199 2163 318 2244 debet,
338 2163 526 2229 Ecclesiae
537 2166 620 2245 jure
635 2167 784 2248 proprio
801 2167 976 2231 incumbit
1003 2167 1076 2230 dies
1105 2167 1214 2249 festor

108 2263 295 2349 designare,
313 2271 522 2335 eorumdem
539 2293 719 2337 numeram
732 2273 894 2353 definire,
909 2273 1141 2337 solemnitates
1158 2289 1212 2335 re·

111 2369 240 2453 ligiosaa
257 2377 433 2458 indicere,
453 2378 621 2444 ethoram
638 2397 763 2443 sacras
788 2380 991 2444 functiones
1024 2379 1211 2442 celebran-

109 2479 139 2542 di
152 2484 380 2548 constituere.
1202 2495 1206 2502 '

183 2587 308 2670 Quoad
324 2590 613 2674 designationem
630 2595 765 2658 dieram
782 2611 918 2674 omneS,
933 2594 994 2675 qui
1007 2593 1113 2656 iidem
1131 2609 1212 2674 pro-

109 2691 238 2760 fitentur
259 2703 296 2760 et
331 2697 494 2762 ordinem
519 2700 835 2780 supernaturalem
862 2701 1068 2780 admittunt,
1102 2701 1213 2764 fateri

110 2805 260 2867 tenentur
277 2803 466 2868 Ecclesiae
481 2806 540 2886 jus
554 2823 634 2870 esse
651 2807 924 2887 praescribendi
955 2807 1212 2870 sanctificatio-

111 2921 177 2972 nem
194 2909 262 2974 diei
280 2909 377 2991 feeti3
396 2913 529 2975 etenim
548 2929 628 2976 cum
654 2912 752 2976 Deus
781 2913 827 2976 sit
855 2913 1000 2994 publice
1024 2913 1210 2992 colendae,

110 3018 218 3094 utpute
234 3017 417 3082 humanae
434 3019 620 3082 societatis
634 3017 820 3099 Dominus,
841 3019 1077 3101 proculdubio
1091 3019 1137 3081 ad
1151 3036 1211 3081 an-

108 3121 299 3186 ctoritatem
317 3123 528 3205 religiosam
560 3131 702 3205 spectat
720 3125 862 3190 modum
887 3126 1056 3189 idoneum
1081 3125 1116 3187 id
1133 3141 1214 3204 per·

109 3230 226 3308 agotum
239 3229 495 3294 determinare.
514 3231 560 3294 Et
576 3231 720 3314 quidem
738 3239 900 3313 potestas
930 3231 1116 3295 Ecclesiae
1146 3247 1212 3310 pro

108 3338 257 3415 urgenda
274 3337 432 3419 positiva
463 3337 638 3402 festorum
662 3338 963 3416 sanctificatione,
983 3336 1101 3417 idest,
1121 3334 1214 3399 adsi-

108 3443 226 3505 stentis
260 3449 495 3508 sacrosancto
527 3443 660 3506 Missae
691 3444 871 3508 sacrificio
910 3443 1019 3506 facile
1052 3449 1088 3507 et
1121 3443 1215 3506 ultro

109 3549 318 3631 conceditur,
351 3550 437 3632 quia
464 3566 577 3631 penes
595 3557 744 3614 cunctos
761 3547 914 3632 populos
943 3550 1100 3613 facultas
1126 3551 1216 3614 ritus

109 3655 275 3734 speciales
304 3656 508 3736 ordinandi,
540 3657 669 3738 quibus
697 3655 880 3722 Divinitas
904 3656 1113 3737 honoretur,
1133 3658 1209 3721 reli·

109 3758 221 3836 glosas
237 3763 450 3826 auctoritati
463 3779 606 3843 semper
620 3763 756 3826 tributa
768 3769 835 3843 est;
851 3771 886 3826 et
900 3781 981 3828 cum
995 3774 1097 3827 actus
1112 3781 1215 3843 prae-

109 3864 224 3945 cipuus
240 3869 358 3932 cultus
374 3868 488 3933 divini
508 3869 554 3932 sit
581 3869 812 3950 sacrificium,
834 3868 1000 3933 Ecclesia
1025 3868 1215 3934 Catholica

111 3968 348 4039 adsistentiam
364 3973 481 4038 eidem
498 3975 633 4056 optimo
664 3976 747 4055 jnre
764 3976 978 4057 praecipere
996 3979 1126 4057 potest.
1145 3973 1216 4038 Sed

109 4073 200 4142 deest
218 4081 395 4145 unanimis
413 4083 619 4162 consensio,
650 4099 732 4146 cum
749 4082 793 4146 de
821 4083 994 4164 negativa
1010 4081 1213 4146 sanctitica-

110 4181 197 4250 tione
212 4189 344 4270 agitur,
364 4205 506 4270 nempe,
525 4189 570 4252 de
588 4188 810 4252 abstinentia
838 4189 884 4251 ab
915 4189 1085 4269 operibus
1102 4188 1215 4252 servi·

110 4286 205 4372 libus;
222 4295 398 4378 neoterici
410 4311 482 4360 non
499 4295 619 4377 pauci,
635 4295 696 4376 qui
724 4293 953 4377 positivistae
970 4300 1034 4358 aut
1048 4293 1214 4358 utiliteri-
