3058 4994
733 352 911 410 -428-

259 497 438 562 naturales
455 513 548 578 quae
562 496 747 578 aequitate
775 501 916 560 tantum
934 493 1107 574 nituntur3
1138 495 1257 560 ciuiles
1284 510 1382 576 quac

260 605 335 668 vim
352 603 606 685 obligatoriam
623 621 669 667 ex
686 603 768 686 lege
786 603 887 668 civili
900 607 1123 683 mutuantur;
1139 605 1268 669 6666666
1287 619 1386 685 quae

260 711 446 793 aequitate
459 716 496 775 66
508 711 601 793 juris
618 709 737 776 civilis
751 710 970 775 auctoritate
986 710 1092 774 simul
1109 709 1321 774 fulciuntur.

349 817 503 882 Demum
520 834 566 880 ex
582 818 755 898 praelata
787 816 934 882 notione
954 818 1092 882 eruitur
1112 817 1184 881 tria
1202 817 1388 881 elementa

261 923 473 988 essentialia
485 922 532 986 ad
549 941 676 987 veram
693 923 952 1006 obligationem
966 923 1258 988 constituendam
1272 921 1387 984 omni-

261 1047 307 1094 no
325 1031 475 1113 requiri,
492 1030 677 1112 videlicet‚
696 1048 856 1110 causam,
892 1029 986 1094 undo
1004 1031 1154 1112 oriatur,
1175 1045 1385 1113 personam,

262 1155 356 1219 quac
380 1139 495 1219 ipsam
521 1137 726 1220 contrahat,
753 1143 863 1220 atque
887 1153 1045 1200 remseu
1073 1136 1255 1218 objectum
1285 1136 1389 1200 circa

262 1243 359 1327 quod
374 1249 556 1308 versetur.

351 1349 405 1414 94.
454 1348 519 1413 His
548 1349 772 1430 praehabitis
805 1351 1047 1432 obligationes
1081 1348 1388 1412 internetionsles

262 1456 398 1539 optimc
416 1455 486 1520 dioi
505 1437 659 1538 possunt¹
668 1457 774 1538 juxta
789 1461 1006 1539 conceptum
1022 1455 1044 1519 J
1047 1455 1122 1519 uris
1141 1455 1307 1518 Romani:
1324 1453 1390 1518 Ju-

262 1565 314 1628 ris
330 1563 469 1628 vincula
486 1564 608 1646 quibus
624 1561 744 1626 Statua
760 1565 961 1628 necessitate
988 1562 1259 1646 adstringuntur
1275 1561 1386 1625 ulica-

253 1673 318 1758 jus
335 1672 387 1734 rei
399 1668 594 1750 solvendae,
612 1669 798 1734 secundum
814 1671 988 1735 societatis
1003 1669 1288 1734 internatioualr's
1308 1669 1390 1753 jus,

263 1778 336 1858 vel,
355 1778 385 1840 si
402 1776 517 1857 magis
532 1775 693 1840 arrideat
705 1777 804 1840 notio
823 1775 1000 1858 Alphonsi
1013 1775 1046 1839 X
1060 1775 1097 1838 in
1126 1775 1207 1856 lege
1231 1773 1390 1838 Partitu-

263 1902 354 1948 rum:
374 1885 574 1968 Lr'pamerrlo
591 1905 653 1968 qua
671 1885 813 1970 assecha
838 1888 958 1965 (entre
974 1884 1029 1948 las
1061 1884 1249 1967 naciones)
1279 1903 1389 1968 separa

262 1992 317 2076 lay
334 1991 504 2071 (dereobo
522 1989 725 2074 pactici0)t
753 2012 858 2076 sepau
870 1999 1000 2056 natura
1018 1991 1189 2072 (derecho
1208 1989 1386 2066 natural).

351 2095 406 2160 95.
455 2095 511 2159 De
528 2093 688 2160 Statibus
706 2103 890 2178 tamquam
904 2097 1053 2182 subjecto
1072 2102 1148 2159 tum
1173 2097 1296 2158 activo
1310 2099 1390 2158 tum

264 2202 411 2284 passivo
429 2201 450 2266 J
455 2202 527 2266 uris
541 2201 852 2280 Internationalis,
884 2201 1001 2284 deque
1018 2201 1127 2265 rebus
1153 2218 1248 2283 quae
1265 2201 1390 2280 hujus-

264 2309 359 2374 modi
375 2309 397 2374 J
401 2309 473 2374 uris
490 2311 656 2394 objectum
673 2325 753 2372 6666
768 2315 915 2389 queunt,
931 2315 1056 2390 utpote
1070 2309 1257 2372 nationum
1273 2307 1384 2371 iacul-

263 2416 330 2479 tati
347 2415 535 2496 subjectae
551 2413 717 2478 adfinem
731 2415 916 2478 societatis
930 2414 1225 2478 166666661666116
1239 2431 1388 2494 compa-

263 2521 429 2602 randum,
449 2521 486 2584 in
499 2519 803 2601 praecedentibus
818 2521 997 2602 capitibus
1012 2521 1218 2584 summatim
1232 2521 1389 2600 egimus,

263 2621 368 2692 modo
379 2629 485 2708 jubat
502 2626 639 2708 aliquid
655 2627 861 2710 pertingere
879 2626 924 2690 de
940 2647 1047 2691 cuasa
1061 2627 1223 2712 efficienti
1240 2625 1391 2690 relatio·

264 2752 361 2814 num,
376 2751 470 2815 qnae
486 2733 522 2797 in
539 2733 560 2796 J
565 2752 627 2797 ure
641 2733 803 2816 gentium
820 2733 906 2796 oriri
924 2739 961 2796 66
991 2733 1111 2796 excoli
1140 2739 1303 2814 possunt,
1322 2749 1394 2796 ssu

264 2838 361 2922 quod
384 2839 479 2903 idem
496 2845 563 2920 666,
582 2839 626 2902 de
652 2839 793 2920 origine
826 2837 1090 2920 obligationum
1124 2838 1394 2903 internetione-

266 2945 366 3009 lium.
723 2999 728 3010 .

355 3052 400 3116 Et
415 3071 516 3134 sane,
534 3054 626 3118 sicut
642 3054 679 3116 16
695 3053 716 3116 J
721 3071 782 3118 ure
800 3053 963 3134 Privato,
983 3053 1033 3118 uti
1052 3053 1089 3116 in
1113 3057 1240 3116 nostra
1272 3053 1391 3118 Iatro-

266 3157 472 3224 ductioner'n
487 3159 908 3244 ι166Ε66166166116666(1)
927 3158 1267 3240 animadvertimus,
1283 3174 1393 3239 prac-

266 3271 321 3327 ter
338 3265 539 3346 subjcotum
553 3284 617 3329 seu
631 3283 806 3347 personas
821 3265 1043 3330 correlative
1056 3264 1235 3328 facultate
1250 3263 1393 3346 pollen-

265 3375 321 3434 tes
338 3371 398 3434 vel
412 3371 633 3453 obligatione
646 3371 791 3452 ligatas,
810 3377 919 3454 atque
936 3372 1046 3434 etiarn
1065 3379 1215 3450 praeter
1232 3387 1291 3433 res
1308 3369 1396 3433 6166

265 3475 447 3556 objectum
464 3479 562 3542 circa
579 3477 675 3560 quod
690 3478 846 3542 facultas
863 3485 1031 3544 versetur
1049 3478 1110 3544 vel
1126 3477 1164 3542 in
1193 3476 1288 3559 quod
1305 3476 1396 3558 ipsa.

266 3583 440 3664 obligatio
457 3583 576 3664 cadat,
596 3584 642 3648 ad
663 3583 952 3649 constituendum
963 3585 1024 3666 jus
1041 3584 1239 3668 requiritur
1255 3582 1395 3664 positio

268 3696 369 3753 actus
387 3689 595 3769 peculiaris,
611 3688 792 3772 quoddam
807 3708 937 3772 nempe
955 3693 1094 3756 iactum
1108 3690 1396 3754 determinatum

268 3799 304 3857 66
320 3793 529 3874 specialiter
547 3795 735 3874 intentum,
751 3811 796 3858 ex
814 3813 883 3876 quo
902 3803 1088 3877 tamquam
1106 3813 1153 3860 cx
1170 3816 1276 3860 causa
1293 3795 1394 3860 rela-

267 3900 315 3963 tio
330 3899 422 3980 juris
440 3899 589 3979 oriatur,
608 3907 717 3982 atquc
735 3901 849 3964 veluti
866 3919 912 3964 cx
932 3903 1079 3966 viuculo
1097 3899 1276 3966 connexio
1306 3902 1393 3966 sub·

269 4086 452 4100 -ι-ι--ι-

339 4239 378 4308 (1)
414 4238 707 4310 Oap.l,art.l,nnm.
722 4249 745 4296 6.
