3062 4994
788 375 968 435 -170-

315 519 482 604 privatus
494 519 642 584 existat.
657 517 821 584 Clericus
837 535 940 598 vero,
959 519 1021 602 qui
1037 518 1220 584 nefandae
1237 515 1391 600 fraudis,
1407 524 1447 583 et

315 627 562 709 usurpationis
579 625 785 707 hujusmodi
801 625 1015 704 fabricator,
1036 642 1100 689 seu
1118 625 1352 690 consentiens
1368 625 1448 688 iue-

315 735 375 815 rit,
396 733 532 798 eisdem
550 733 678 815 poenis
695 731 899 813 subJaceat3
918 748 1061 797 necnon
1080 731 1367 815 quibuscumque
1384 733 1447 796 be·

315 839 454 904 neiiciis
483 839 650 922 privatus
677 838 737 919 sit,
758 844 795 902 et
811 838 858 902 ad
887 853 1139 920 quaecumque
1164 840 1239 903 alia
1265 837 1450 903 beneficia
1523 829 1524 910 s

315 945 488 1011 inhabilis
512 945 706 1022 efficiatur,
724 950 762 1008 et
785 961 808 1007 a
836 960 983 1008 suorum
1001 941 1176 1009 Ordinum
1193 944 1446 1025 exsecutione,

316 1055 426 1118 etiam
456 1057 539 1134 post
566 1051 747 1132 integram
776 1049 1079 1130 satisfactionem,
1097 1058 1135 1115 et
1163 1051 1446 1132 absolutionem,
1523 1085 1524 1116 r

316 1160 373 1224 sui
390 1157 575 1224 Ordinarii
589 1157 741 1221 arbitrio
754 1155 1017 1240 suspendatur,
1035 1157 1096 1240 (l).

406 1265 594 1346 Integrum
612 1261 815 1328 Tridentini
842 1267 981 1326 textum
999 1263 1202 1344 nominituo,
1222 1267 1261 1327 ut
1284 1279 1331 1328 ex
1354 1261 1449 1344 ipsis

316 1370 550 1438 Sacrosancti
568 1369 721 1435 Consilii
738 1369 946 1453 luculentis,
966 1369 1150 1452 explicitis
1168 1387 1213 1434 ac
1230 1369 1449 1434 decretoriis
1523 1403 1524 1456 ?

316 1479 442 1543 verbis
460 1479 690 1543 manifestum
716 1477 780 1540 ilai
796 1482 884 1560 quot
901 1477 1028 1559 poenis
1045 1476 1345 1559 gravissimisque
1363 1492 1450 1540 cen·
1523 1463 1524 1536 3

316 1586 411 1650 suris
435 1585 567 1648 irretiti
585 1589 758 1648 maneant
776 1589 813 1648 et
830 1584 963 1666 quovis
982 1589 1146 1666 tempore
1174 1583 1266 1648 tanti
1284 1582 1450 1647 criminis
1523 1631 1524 1644 ,

316 1691 371 1755 rei
395 1697 502 1754 erunt
532 1697 787 1772 occupatores,
806 1689 1057 1754 detentatores
1075 1694 1186 1772 atque
1210 1693 1451 1770 usurpatores

316 1798 493 1860 bonorum
513 1795 712 1876 Ecclesiae,
731 1797 818 1879 quin
835 1813 927 1878 opus
952 1797 1000 1860 sit
1026 1812 1230 1860 sermonem
1247 1794 1452 1878 specialem

318 1903 509 1968 instituere
538 1901 583 1966 de
609 1905 725 1968 actioa
752 1902 1098 1968 dessmortiaatione
1127 1919 1192 1984 pro
1221 1899 1453 1965 ostendenda

319 2009 498 2092 injustitia
522 2008 628 2090 hujus
648 2009 897 2091 iniquissimae
926 2007 1185 2090 expoliationis
1215 2005 1334 2072 ubivis
1361 2023 1451 2088 gen-

317 2117 407 2179 tium
425 2133 491 2195 per
507 2115 696 2197 Principes
715 2131 913 2197 eorumque
932 2113 1119 2178 Gubernia
1136 2113 1344 2177 novissimis
1359 2117 1451 2175 tem·

317 2223 468 2304 poribus
500 2225 788 2301 consummatae,
819 2221 913 2284 alias
942 2221 1066 2302 specie
1094 2219 1251 2302 quadam
1274 2217 1451 2300 juridica,
1523 2205 1524 2208 '

287 2328 387 2392 'boc
419 2335 486 2406 est,
505 2327 647 2408 legibus
677 2325 860 2390 insidiosis
889 2327 975 2390 latis
1004 2325 1051 2390 ad
1077 2326 1247 2390 tutiorem
1270 2325 1453 2389 bonorum

318 2433 653 2521 ecclesiasticorum
669 2431 924 2515 direptionem,
946 2432 1038 2496 alias
1055 2431 1306 2496 autemiorma
1319 2435 1454 2512 aperte

317 2540 454 2620 hostili,
474 2539 596 2620 idest,
616 2542 667 2619 vi,
686 2539 844 2604 saevitia
867 2546 905 2606 et
922 2541 1159 2622 oppressione
1183 2539 1368 2618 adhibitis,
1387 2557 1453 2603 ve·

317 2646 385 2708 luti
402 2646 480 2708 lieri
496 2646 590 2710 solet
607 2665 628 2710 a
646 2647 859 2727 vulgaribus
873 2647 1093 2728 raptoribus:
1111 2649 1311 2727 enimvero,
1326 2651 1454 2710 aucto·

318 2767 390 2830 res,
409 2751 571 2816 fautores
600 2757 637 2815 et
660 2758 920 2835 cooperatores
940 2751 1118 2834 ejusmodi
1142 2753 1315 2818 scelerati
1338 2757 1377 2816 et
1393 2769 1454 2816 sa·
1523 2737 1524 2816 ἶ

317 2857 446 2939 crilegi
465 2875 657 2939 processus
673 2859 869 2924 recentiori
893 2865 1016 2924 aetate
1042 2861 1206 2943 usurpati
1222 2859 1451 2943 nequissima

316 2973 438 3028 mente
465 2969 502 3026 et
529 2963 733 3045 depravato
759 2965 830 3030 line
853 2983 931 3030 rem
957 2967 1128 3047 alienam,
1148 2972 1184 3030 et
1212 2967 1357 3048 quidem
1387 2985 1451 3030 sa·

317 3087 418 3134 cram
436 3069 930 3152 religiosamque,‘rapiendi,
950 3071 1125 3154 graphice
1155 3089 1199 3137 ac
1218 3071 1368 3136 mirifice
1385 3071 1450 3136 de·
1523 3059 1524 3150 l

317 3176 445 3258 scripti
460 3175 641 3238 habentur
656 3176 692 3239 in
709 3175 859 3240 laudato
873 3175 1031 3242 Decreto
1046 3177 1283 3242 Tridentinae
1298 3176 1453 3260 Synodi,

319 3283 379 3346 ubi
404 3283 524 3346 debito
543 3281 666 3362 rigore
686 3282 896 3364 plectuntur
924 3287 1166 3364 occupatores
1196 3284 1372 3349 bonorum
1390 3301 1455 3350 cu·
1523 3319 1524 3372 l

314 3387 532 3468 iussumque
547 3386 737 3453 Ecclesiae
753 3391 818 3452 aut
830 3387 879 3469 pii
895 3387 978 3452 loci.

406 3491 461 3556 98.
510 3491 669 3558 Sednon
695 3511 886 3575 possumus
907 3494 994 3575 quin
1022 3493 1161 3576 aliquid
1191 3495 1355 3560 delibare
1386 3513 1456 3578 pro

317 3617 467 3663 munere
485 3606 610 3664 nostro
625 3598 856 3684 adimplendo
876 3600 920 3664 de
934 3597 1282 3668 desamortizatione
1295 3605 1457 3688 parata,

318 3705 455 3786 quippe
472 3722 553 3768 cum
570 3723 614 3770 ea
630 3707 757 3770 intime
774 3711 1053 3787 connectuntur,
1072 3709 1134 3772 vel
1155 3711 1290 3774 rectius
1307 3727 1353 3774 ac
1370 3727 1455 3793 pro·
1523 3723 1524 3752 ³

318 3810 420 3891 prius
439 3811 582 3892 loquar,
601 3811 671 3892 ipsi
685 3811 874 3893 originem,
891 3811 1058 3883 formam.
1079 3830 1211 3880 nomon
1224 3833 1270 3882 ac
1286 3817 1454 3898 speeiem
1523 3827 1524 3888 i

318 3917 524 3997 praebuere
536 3916 636 3998 leges
649 3933 743 3998 quae
752 3919 1029 3982 a-mortizationir
1042 3935 1107 3983 seu
1121 3941 1287 3988 manuum
1299 3933 1459 3988 mortua·
1523 3937 1524 3984 l

316 4039 397 4084 rum
424 4021 739 4103 cognominantur:
761 4023 1010 4104 quamobrem,
1029 4031 1198 4106 spectata
1232 4029 1339 4110 huJus
1369 4045 1458 4094 con·

390 4265 431 4330 (1)
468 4263 546 4316 Sese.
559 4263 655 4332 xxii,
664 4281 726 4332 cap.
740 4264 785 4318 XI
797 4265 830 4319 dc
841 4263 1059 4336 Reformatioae.
