3096 4986
312 549 563 629 ministerium,
582 549 668 630 quin
696 547 900 613 intercedat
917 547 1042 630 populi
1058 547 1248 612 christiani
1268 547 1327 612 vel
1346 548 1448 612 civi-

310 657 355 723 lis
373 655 600 721 auctoritatis
618 672 814 720 consensus
833 661 895 718 aut
912 655 1070 734 vocatio,
1085 655 1266 736 integrum
1281 661 1317 718 et
1347 655 1445 737 logi·

311 782 392 830 cum
410 764 479 828 erit
505 763 640 827 inferre
657 761 704 826 ad
720 761 825 824 iidem
854 761 1072 826 catholicam
1102 761 1287 842 pertinere
1318 761 1446 842 Reges

311 871 372 936 vel
386 869 548 935 Summos
563 868 789 950 imperantes
808 885 873 932 nec
891 867 1038 949 proprio
1065 867 1209 930 nomine
1228 884 1295 931 nec
1312 868 1447 949 populi

311 977 541 1058 delegatione
558 974 718 1056 gaudere
740 975 821 1056 Jure
850 993 953 1038 suum
977 991 1194 1038 concursum
1222 975 1442 1056 praestandi

311 1103 375 1168 pro
394 1082 653 1146 ecclesiasticis
683 1081 854 1144 ministris
883 1080 1112 1144 instituendis
1132 1081 1192 1145 vel
1210 1081 1441 1164 quomodoli-

310 1191 373 1256 bet
388 1193 423 1252 in
441 1189 555 1252 sacris
572 1187 810 1252 electionibus
830 1204 910 1250 sese
924 1186 1162 1250 immiscendi.

402 1295 536 1359 Eadem
567 1295 705 1358 veritas
722 1293 876 1374 deniqne
891 1311 935 1356 ex
951 1293 1139 1356 conciliari
1154 1293 1313 1358 doctrino
1332 1310 1444 1374 aper-

311 1403 448 1467 tissime
467 1403 615 1480 eruitur,
634 1401 810 1482 siquidem
829 1405 1027 1462 memorata
1044 1397 1211 1464 Sessione
1229 1399 1436 1464 Tridentini

310 1511 437 1576 Patres
454 1511 505 1573 ita
523 1509 725 1572 luculenter
743 1507 902 1570 edixere:
922 1507 1058 1570 “Docet
1075 1505 1224 1588 iusuper
1242 1523 1438 1570 sacrosan-

311 1623 371 1681 cta
389 1615 565 1696 synodus,
586 1613 866 1677 inordinatione
886 1612 1164 1693 Episcoporum‚
1185 1611 1443 1694 Sacerdotum,

311 1727 348 1786 et
365 1729 591 1784 crreterorum
610 1717 869 1798 Ordinum,nec
887 1718 1022 1800 populi,
1041 1735 1107 1781 nec
1126 1718 1288 1798 cujusvis
1305 1735 1439 1783 saecu·

311 1829 398 1892 laris
413 1827 616 1908 potestatis,
636 1835 672 1889 et
691 1827 922 1906 magistratus
942 1831 1253 1906 consensum,sive
1271 1826 1440 1890 vocatio-

311 1953 405 2012 nem,
421 1935 499 1998 sive
519 1933 771 1998 auctoritatem
789 1933 839 1994 ita
858 1933 1004 2014 requiri,
1025 1939 1062 1994 ut
1093 1931 1171 1995 sine
1201 1951 1245 1995 ea
1266 1931 1370 1996 irrita
1389 1934 1446 1998 sit

311 2041 503 2106 ordinatio:
524 2040 609 2122 quin
627 2040 746 2121 potius
772 2039 947 2118 decernit,
967 2055 1041 2118 eos,
1061 2037 1122 2119 qui
1136 2039 1383 2102 tantummodo
1415 2058 1445 2104 a

310 2147 457 2230 populu,
476 2153 539 2210 aut
556 2146 738 2210 saeculari
757 2151 937 2227 potestate
955 2162 998 2208 ac
1015 2145 1231 2226 magistratu
1249 2145 1384 2226 vocati,
1400 2151 1446 2210 et

309 2255 474 2334 instituti,
493 2253 539 2316 ad
572 2252 662 2316 haec
692 2252 894 2314 ministeria
929 2249 1136 2314 exercenda
1165 2252 1378 2333 ascendunt,
1399 2258 1444 2316 et

310 2361 370 2444 qui
384 2379 428 2424 ea
442 2360 591 2442 propria
605 2359 811 2423 temeritate
830 2359 897 2420 sibi
915 2361 1071 2436 sumunt;
1087 2375 1210 2420 omnes
1224 2377 1295 2421 non
1312 2358 1440 2422 Eccle-

309 2467 385 2530 siae
404 2467 598 2547 llinistros,
627 2463 692 2529 sed
724 2465 833 2544 iures,
868 2469 904 2527 et
934 2464 1108 2544 latrones,
1128 2481 1193 2546 per
1214 2465 1342 2528 ostium
1361 2481 1440 2529 non

310 2573 507 2652 ingressos,
528 2571 713 2636 habendos
732 2589 832 2652 esse„
855 2575 865 2650 (
892 2571 914 2650 l.

402 2679 453 2740 10.
503 2677 762 2759 Inquirendum
781 2681 948 2758 superest
970 2681 1088 2740 utrum
1112 2677 1282 2760 princeps
1299 2679 1359 2742 vel
1374 2697 1437 2762 po-

310 2789 423 2847 testas
441 2783 640 2846 saecularis
657 2783 786 2846 saltem
802 2785 944 2846 fruatur
958 2783 1040 2864 jure
1065 2783 1225 2864 speciale
1249 2785 1440 2864 juramen·

311 2895 384 2953 tum
403 2889 586 2952 fidelitalis
601 2889 647 2952 ab
673 2888 863 2971 Episcopis
881 2887 1062 2970 exigendi.
1093 2887 1196 2953 Nunc
1211 2907 1313 2972 vere,
1341 2892 1442 2957 sicut
1541 2941 1542 2949 ,

311 3014 333 3060 a
349 2995 506 3076 Regibus
524 2999 560 3057 et
576 2992 729 3058 Summis
747 2993 1015 3076 imperantibus
1040 3011 1303 3077 quamcumque
1321 2998 1437 3062 iacul-

310 3107 424 3166 tatem
441 3101 692 3182 abjudicemus
711 3100 899 3165 Ecclesiae
927 3103 1110 3166 Ministros
1143 3101 1355 3167 instituendi
1373 3106 1438 3170 vel

310 3207 532 3286 nominandi,
551 3207 604 3270 ita
631 3207 741 3270 etiam
759 3206 988 3289 Principibus
1017 3225 1213 3290 eorumque
1239 3207 1441 3275 Guberniis
1538 3213 1539 3240 l

310 3316 454 3398 penitus
472 3313 674 3378 inficiamur
687 3313 746 3394 jus
773 3314 959 3394 proprium
979 3318 1015 3377 et
1032 3313 1195 3378 nativam
1215 3321 1438 3396 potestatem
1537 3319 1538 3322 ’

311 3421 486 3502 ejusmodi
500 3419 758 3502 obligationem
786 3419 975 3502 Episcopis
1005 3419 1229 3502 injungendi,
1247 3427 1438 3504 tamquam
1536 3427 1537 3438 ¹

311 3525 554 3590 conditionem
582 3525 790 3591 necessario
823 3525 1093 3608 adimplendam
1109 3545 1175 3608 pro
1193 3545 1341 3592 munere
1358 3529 1438 3610 epi·
1535 3529 1536 3534 ’

309 3631 450 3712 scopeli
482 3631 646 3696 obeundo
674 3633 753 3696 sive
771 3637 855 3714 ante
879 3633 958 3698 sivo
990 3637 1072 3714 post
1104 3633 1439 3700 consecrationem.

309 3738 414 3802 Ratio
429 3743 575 3801 nostrae
589 3739 800 3802 assertionis
815 3739 876 3804 vel
889 3739 1008 3822 potius
1021 3739 1226 3820 negationis
1243 3739 1352 3804 obvia
1366 3745 1436 3806 est:

309 3841 514 3925 buJusmodi
542 3841 713 3924 conditio,
747 3845 930 3926 impositio
960 3844 1021 3908 vel
1050 3845 1194 3909 exactio
1227 3846 1371 3910 nomine
1394 3852 1440 3912 et

309 3950 462 4032 imperio
485 3949 633 4032 proprio
660 3969 682 4014 a
698 3949 882 4032 Supremis
902 3951 1174 4034 Magistratibus
1191 3953 1292 4018 facta
1309 3955 1437 4038 aequi·

309 4131 469 4141 *—

380 4292 422 4361 (1)
460 4293 535 4347 Sese.
547 4291 658 4360 XXIII,
671 4307 732 4362 cup.
746 4293 795 4348 IV.
