<?xml version="1.0" encoding="UTF-8"?>
<!DOCTYPE html PUBLIC "-//W3C//DTD XHTML 1.0 Transitional//EN"
    "http://www.w3.org/TR/xhtml1/DTD/xhtml1-transitional.dtd">
<html xmlns="http://www.w3.org/1999/xhtml" xml:lang="en" lang="en">
 <head>
  <title>
</title>
<meta http-equiv="Content-Type" content="text/html;charset=utf-8" />
  <meta name='ocr-system' content='tesseract 3.04.00' />
  <meta name='ocr-capabilities' content='ocr_page ocr_carea ocr_par ocr_line ocrx_word'/>
</head>
<body>
  <div class='ocr_page' id='page_1' title='image "./juspublicumeccl00ferngoog_0492.png"; bbox 0 0 3058 4994; ppageno 0'>
   <div class='ocr_carea' id='block_1_1' title="bbox 612 367 789 462">
    <p class='ocr_par' dir='ltr' id='par_1_1' title="bbox 612 367 789 462">
     <span class='ocr_line' id='line_1_1' title="bbox 612 367 789 462; baseline -0.011 0"><span class='ocrx_word' id='word_1_1' title='bbox 612 367 789 462; x_wconf 76' lang='lat'>-4‘85-</span> 
     </span>
    </p>
   </div>
   <div class='ocr_carea' id='block_1_2' title="bbox 125 547 1258 2772">
    <p class='ocr_par' dir='ltr' id='par_1_2' title="bbox 125 547 1258 1805">
     <span class='ocr_line' id='line_1_2' title="bbox 127 547 1254 630; baseline -0.001 -19"><span class='ocrx_word' id='word_1_2' title='bbox 127 548 248 612; x_wconf 88' lang='lat' dir='ltr'><strong>nendi</strong></span> <span class='ocrx_word' id='word_1_3' title='bbox 265 549 456 612; x_wconf 83' lang='lat' dir='ltr'><strong>transitum</strong></span> <span class='ocrx_word' id='word_1_4' title='bbox 475 563 659 630; x_wconf 88' lang='lat' dir='ltr'><strong>persuum</strong></span> <span class='ocrx_word' id='word_1_5' title='bbox 676 547 894 612; x_wconf 81' lang='lat' dir='ltr'><strong>territorium</strong></span> <span class='ocrx_word' id='word_1_6' title='bbox 913 547 1133 612; x_wconf 83' lang='lat' dir='ltr'><strong>exercitibus</strong></span> <span class='ocrx_word' id='word_1_7' title='bbox 1152 565 1254 630; x_wconf 86' lang='lat' dir='ltr'><strong>prae·</strong></span> 
     </span>
     <span class='ocr_line' id='line_1_3' title="bbox 126 649 1258 738; baseline 0 -19"><span class='ocrx_word' id='word_1_8' title='bbox 126 657 323 737; x_wconf 85' lang='lat' dir='ltr'><strong>liantibus;</strong></span> <span class='ocrx_word' id='word_1_9' title='bbox 342 656 461 738; x_wconf 89' lang='lat' dir='ltr'><strong>quoad</strong></span> <span class='ocrx_word' id='word_1_10' title='bbox 489 673 577 720; x_wconf 91' lang='lat' dir='ltr'><strong>vero</strong></span> <span class='ocrx_word' id='word_1_11' title='bbox 607 649 704 720; x_wconf 87' lang='lat' dir='ltr'><strong>bella</strong></span> <span class='ocrx_word' id='word_1_12' title='bbox 732 657 894 737; x_wconf 88' lang='lat' dir='ltr'><strong>navalia,</strong></span> <span class='ocrx_word' id='word_1_13' title='bbox 912 655 1070 737; x_wconf 86' lang='lat' dir='ltr'><strong>navigiis</strong></span> <span class='ocrx_word' id='word_1_14' title='bbox 1101 655 1258 737; x_wconf 87' lang='lat' dir='ltr'><strong>praelia·</strong></span> 
     </span>
     <span class='ocr_line' id='line_1_4' title="bbox 126 761 1258 844; baseline -0.001 -19"><span class='ocrx_word' id='word_1_15' title='bbox 126 763 237 826; x_wconf 85' lang='lat' dir='ltr'><strong>ribus</strong></span> <span class='ocrx_word' id='word_1_16' title='bbox 254 767 291 825; x_wconf 88' lang='lat' dir='ltr'><strong>et</strong></span> <span class='ocrx_word' id='word_1_17' title='bbox 309 763 486 826; x_wconf 87' lang='lat' dir='ltr'><strong>classibus</strong></span> <span class='ocrx_word' id='word_1_18' title='bbox 509 763 731 827; x_wconf 84' lang='lat' dir='ltr'><strong>bellantibus</strong></span> <span class='ocrx_word' id='word_1_19' title='bbox 757 762 978 844; x_wconf 86' lang='lat' dir='ltr'><strong>permittitur</strong></span> <span class='ocrx_word' id='word_1_20' title='bbox 1006 761 1172 826; x_wconf 87' lang='lat' dir='ltr'><strong>transitio</strong></span> <span class='ocrx_word' id='word_1_21' title='bbox 1193 777 1258 842; x_wconf 91' lang='lat' dir='ltr'><strong>per</strong></span> 
     </span>
     <span class='ocr_line' id='line_1_5' title="bbox 126 867 1258 950; baseline 0 -18"><span class='ocrx_word' id='word_1_22' title='bbox 126 887 251 950; x_wconf 88' lang='lat' dir='ltr'><strong>aquas</strong></span> <span class='ocrx_word' id='word_1_23' title='bbox 277 869 585 950; x_wconf 86' lang='lat' dir='ltr'><strong>jurisdictionales</strong></span> <span class='ocrx_word' id='word_1_24' title='bbox 613 868 777 934; x_wconf 85' lang='lat' dir='ltr'><strong>Statuum</strong></span> <span class='ocrx_word' id='word_1_25' title='bbox 806 867 1039 950; x_wconf 84' lang='lat' dir='ltr'><strong>neutralium,</strong></span> <span class='ocrx_word' id='word_1_26' title='bbox 1066 867 1258 933; x_wconf 88' lang='lat' dir='ltr'><strong>dummodo</strong></span> 
     </span>
     <span class='ocr_line' id='line_1_6' title="bbox 127 974 1258 1058; baseline 0 -20"><span class='ocrx_word' id='word_1_27' title='bbox 127 975 290 1056; x_wconf 88' lang='lat' dir='ltr'><strong>pacifice</strong></span> <span class='ocrx_word' id='word_1_28' title='bbox 307 975 380 1055; x_wconf 76' lang='lat' dir='ltr'><strong>ilat,</strong></span> <span class='ocrx_word' id='word_1_29' title='bbox 400 975 453 1038; x_wconf 86' lang='lat'><strong>4.⁰</strong></span> <span class='ocrx_word' id='word_1_30' title='bbox 473 975 592 1039; x_wconf 84' lang='lat' dir='ltr'><strong>cilicio</strong></span> <span class='ocrx_word' id='word_1_31' title='bbox 612 974 755 1040; x_wconf 89' lang='lat' dir='ltr'><strong>minime</strong></span> <span class='ocrx_word' id='word_1_32' title='bbox 782 974 944 1040; x_wconf 83' lang='lat' dir='ltr'><strong>struendi</strong></span> <span class='ocrx_word' id='word_1_33' title='bbox 961 991 1025 1040; x_wconf 89' lang='lat' dir='ltr'><strong>seu</strong></span> <span class='ocrx_word' id='word_1_34' title='bbox 1044 975 1258 1058; x_wconf 80' lang='lat' dir='ltr'><strong>organizan-</strong></span> 
     </span>
     <span class='ocr_line' id='line_1_7' title="bbox 126 1079 1258 1165; baseline 0.002 -21"><span class='ocrx_word' id='word_1_35' title='bbox 126 1081 170 1144; x_wconf 91' lang='lat' dir='ltr'><strong>di</strong></span> <span class='ocrx_word' id='word_1_36' title='bbox 190 1081 328 1146; x_wconf 87' lang='lat' dir='ltr'><strong>directe</strong></span> <span class='ocrx_word' id='word_1_37' title='bbox 346 1087 382 1146; x_wconf 90' lang='lat' dir='ltr'><strong>et</strong></span> <span class='ocrx_word' id='word_1_38' title='bbox 399 1082 641 1164; x_wconf 87' lang='lat' dir='ltr'><strong>perseipsum</strong></span> <span class='ocrx_word' id='word_1_39' title='bbox 666 1081 830 1163; x_wconf 86' lang='lat' dir='ltr'><strong>legiones</strong></span> <span class='ocrx_word' id='word_1_40' title='bbox 848 1081 1076 1147; x_wconf 85' lang='lat' dir='ltr'><strong>voluntarias</strong></span> <span class='ocrx_word' id='word_1_41' title='bbox 1089 1079 1258 1165; x_wconf 87' lang='lat' dir='ltr'><strong>(cucrpos</strong></span> 
     </span>
     <span class='ocr_line' id='line_1_8' title="bbox 125 1187 1258 1270; baseline 0 -18"><span class='ocrx_word' id='word_1_42' title='bbox 125 1189 298 1267; x_wconf 82' lang='lat' dir='ltr'><strong>francos)</strong></span> <span class='ocrx_word' id='word_1_43' title='bbox 316 1187 376 1252; x_wconf 90' lang='lat' dir='ltr'><strong>vel</strong></span> <span class='ocrx_word' id='word_1_44' title='bbox 393 1188 518 1252; x_wconf 87' lang='lat' dir='ltr'><strong>turbas</strong></span> <span class='ocrx_word' id='word_1_45' title='bbox 537 1187 789 1270; x_wconf 88' lang='lat' dir='ltr'><strong>praedatorias</strong></span> <span class='ocrx_word' id='word_1_46' title='bbox 808 1188 960 1254; x_wconf 91' lang='lat' dir='ltr'><strong>militum</strong></span> <span class='ocrx_word' id='word_1_47' title='bbox 980 1187 1258 1270; x_wconf 86' lang='lat' dir='ltr'><strong>(tripulaciones</strong></span> 
     </span>
     <span class='ocr_line' id='line_1_9' title="bbox 126 1293 1256 1377; baseline -0.001 -18"><span class='ocrx_word' id='word_1_48' title='bbox 126 1294 331 1374; x_wconf 80' lang='lat' dir='ltr'><strong>cornarias)</strong></span> <span class='ocrx_word' id='word_1_49' title='bbox 351 1294 397 1358; x_wconf 89' lang='lat' dir='ltr'><strong>ad</strong></span> <span class='ocrx_word' id='word_1_50' title='bbox 421 1307 526 1377; x_wconf 89' lang='lat' dir='ltr'><strong>opem</strong></span> <span class='ocrx_word' id='word_1_51' title='bbox 552 1295 612 1358; x_wconf 93' lang='lat' dir='ltr'><strong>uni</strong></span> <span class='ocrx_word' id='word_1_52' title='bbox 629 1311 675 1359; x_wconf 84' lang='lat' dir='ltr'><strong>ex</strong></span> <span class='ocrx_word' id='word_1_53' title='bbox 702 1293 862 1359; x_wconf 86' lang='lat' dir='ltr'><strong>Statibus</strong></span> <span class='ocrx_word' id='word_1_54' title='bbox 887 1293 1190 1359; x_wconf 86' lang='lat' dir='ltr'><strong>contendentibus</strong></span> <span class='ocrx_word' id='word_1_55' title='bbox 1207 1295 1256 1358; x_wconf 89' lang='lat' dir='ltr'><strong>fe-</strong></span> 
     </span>
     <span class='ocr_line' id='line_1_10' title="bbox 126 1388 1258 1475; baseline -0.001 -10"><span class='ocrx_word' id='word_1_56' title='bbox 126 1399 299 1475; x_wconf 77' lang='lat' dir='ltr'><strong>rendam:</strong></span> <span class='ocrx_word' id='word_1_57' title='bbox 319 1388 383 1464; x_wconf 85' lang='lat' dir='ltr'><strong>sed</strong></span> <span class='ocrx_word' id='word_1_58' title='bbox 410 1400 777 1466; x_wconf 84' lang='lat' dir='ltr'><strong>animadvertendum</strong></span> <span class='ocrx_word' id='word_1_59' title='bbox 803 1405 858 1466; x_wconf 86' lang='lat' dir='ltr'><strong>eet</strong></span> <span class='ocrx_word' id='word_1_60' title='bbox 885 1401 1158 1466; x_wconf 87' lang='lat' dir='ltr'><strong>neutralitatem</strong></span> <span class='ocrx_word' id='word_1_61' title='bbox 1186 1417 1258 1464; x_wconf 92' lang='lat' dir='ltr'><strong>non</strong></span> 
     </span>
     <span class='ocr_line' id='line_1_11' title="bbox 126 1484 1257 1590; baseline -0.002 -18"><span class='ocrx_word' id='word_1_62' title='bbox 126 1509 281 1590; x_wconf 90' lang='lat' dir='ltr'><strong>violari,</strong></span> <span class='ocrx_word' id='word_1_63' title='bbox 300 1525 381 1572; x_wconf 88' lang='lat' dir='ltr'><strong>cum</strong></span> <span class='ocrx_word' id='word_1_64' title='bbox 412 1507 546 1572; x_wconf 91' lang='lat' dir='ltr'><strong>subditi</strong></span> <span class='ocrx_word' id='word_1_65' title='bbox 576 1507 697 1572; x_wconf 86' lang='lat' dir='ltr'><strong>Status</strong></span> <span class='ocrx_word' id='word_1_66' title='bbox 713 1508 890 1573; x_wconf 85' lang='lat' dir='ltr'><strong>neutralis</strong></span> <span class='ocrx_word' id='word_1_67' title='bbox 917 1484 1047 1589; x_wconf 80' lang='lat' dir='ltr'><strong>sponte</strong></span> <span class='ocrx_word' id='word_1_68' title='bbox 1077 1523 1122 1572; x_wconf 87' lang='lat' dir='ltr'><strong>ac</strong></span> <span class='ocrx_word' id='word_1_69' title='bbox 1139 1508 1257 1588; x_wconf 88' lang='lat' dir='ltr'><strong>sejun-</strong></span> 
     </span>
     <span class='ocr_line' id='line_1_12' title="bbox 127 1612 1257 1698; baseline -0.001 -18"><span class='ocrx_word' id='word_1_70' title='bbox 127 1617 220 1681; x_wconf 91' lang='lat' dir='ltr'><strong>ctim</strong></span> <span class='ocrx_word' id='word_1_71' title='bbox 234 1633 365 1680; x_wconf 89' lang='lat' dir='ltr'><strong>nomeu</strong></span> <span class='ocrx_word' id='word_1_72' title='bbox 379 1615 555 1679; x_wconf 87' lang='lat' dir='ltr'><strong>exercitui</strong></span> <span class='ocrx_word' id='word_1_73' title='bbox 570 1615 804 1698; x_wconf 85' lang='lat' dir='ltr'><strong>belligeranti</strong></span> <span class='ocrx_word' id='word_1_74' title='bbox 819 1614 920 1696; x_wconf 84' lang='lat' dir='ltr'><strong>dant,</strong></span> <span class='ocrx_word' id='word_1_75' title='bbox 935 1615 1021 1697; x_wconf 89' lang='lat' dir='ltr'><strong>quin</strong></span> <span class='ocrx_word' id='word_1_76' title='bbox 1035 1612 1257 1679; x_wconf 84' lang='lat' dir='ltr'><strong>Gubernium</strong></span> 
     </span>
     <span class='ocr_line' id='line_1_13' title="bbox 126 1723 494 1805; baseline -0.003 -19"><span class='ocrx_word' id='word_1_77' title='bbox 126 1723 233 1805; x_wconf 88' lang='lat' dir='ltr'><strong>ipsos</strong></span> <span class='ocrx_word' id='word_1_78' title='bbox 251 1723 494 1786; x_wconf 88' lang='lat' dir='ltr'><strong>conscribant.</strong></span> 
     </span>
    </p>

    <p class='ocr_par' dir='ltr' id='par_1_3' title="bbox 127 1812 1257 2772">
     <span class='ocr_line' id='line_1_14' title="bbox 225 1812 1255 1912; baseline 0 -20"><span class='ocrx_word' id='word_1_79' title='bbox 225 1829 300 1893; x_wconf 81' lang='lat'>151.</span> <span class='ocrx_word' id='word_1_80' title='bbox 348 1827 403 1893; x_wconf 81' lang='lat' dir='ltr'><strong>Ex</strong></span> <span class='ocrx_word' id='word_1_81' title='bbox 421 1830 617 1911; x_wconf 84' lang='lat' dir='ltr'><strong>praejactis</strong></span> <span class='ocrx_word' id='word_1_82' title='bbox 636 1847 787 1911; x_wconf 90' lang='lat' dir='ltr'><strong>pronum</strong></span> <span class='ocrx_word' id='word_1_83' title='bbox 812 1833 867 1894; x_wconf 90' lang='lat' dir='ltr'><strong>est</strong></span> <span class='ocrx_word' id='word_1_84' title='bbox 885 1812 1068 1912; x_wconf 85' lang='lat' dir='ltr'><strong>conjicere</strong></span> <span class='ocrx_word' id='word_1_85' title='bbox 1084 1827 1255 1894; x_wconf 89' lang='lat' dir='ltr'><strong>neutrali-</strong></span> 
     </span>
     <span class='ocr_line' id='line_1_15' title="bbox 128 1935 1255 2020; baseline 0 -20"><span class='ocrx_word' id='word_1_86' title='bbox 128 1940 248 2000; x_wconf 86' lang='lat' dir='ltr'><strong>tatem</strong></span> <span class='ocrx_word' id='word_1_87' title='bbox 266 1935 403 2000; x_wconf 91' lang='lat' dir='ltr'><strong>directe</strong></span> <span class='ocrx_word' id='word_1_88' title='bbox 419 1936 480 2001; x_wconf 89' lang='lat' dir='ltr'><strong>vel</strong></span> <span class='ocrx_word' id='word_1_89' title='bbox 497 1937 686 2020; x_wconf 89' lang='lat' dir='ltr'><strong>indirecte,</strong></span> <span class='ocrx_word' id='word_1_90' title='bbox 705 1937 808 2001; x_wconf 86' lang='lat' dir='ltr'><strong>titulo</strong></span> <span class='ocrx_word' id='word_1_91' title='bbox 828 1953 980 2002; x_wconf 88' lang='lat' dir='ltr'><strong>oneroso</strong></span> <span class='ocrx_word' id='word_1_92' title='bbox 1011 1936 1071 2002; x_wconf 89' lang='lat' dir='ltr'><strong>vel</strong></span> <span class='ocrx_word' id='word_1_93' title='bbox 1096 1937 1255 2019; x_wconf 88' lang='lat' dir='ltr'><strong>gratuito</strong></span> 
     </span>
     <span class='ocr_line' id='line_1_16' title="bbox 127 2043 1257 2127; baseline -0.002 -19"><span class='ocrx_word' id='word_1_94' title='bbox 127 2043 267 2108; x_wconf 89' lang='lat' dir='ltr'><strong>violari</strong></span> <span class='ocrx_word' id='word_1_95' title='bbox 287 2051 406 2126; x_wconf 90' lang='lat' dir='ltr'><strong>posse,</strong></span> <span class='ocrx_word' id='word_1_96' title='bbox 426 2045 723 2126; x_wconf 86' lang='lat' dir='ltr'><strong>quotiescumque</strong></span> <span class='ocrx_word' id='word_1_97' title='bbox 742 2044 863 2109; x_wconf 80' lang='lat' dir='ltr'><strong>officia</strong></span> <span class='ocrx_word' id='word_1_98' title='bbox 880 2045 1046 2127; x_wconf 89' lang='lat' dir='ltr'><strong>superius</strong></span> <span class='ocrx_word' id='word_1_99' title='bbox 1074 2044 1257 2108; x_wconf 87' lang='lat' dir='ltr'><strong>recensita</strong></span> 
     </span>
     <span class='ocr_line' id='line_1_17' title="bbox 129 2139 1254 2234; baseline 0.001 -21"><span class='ocrx_word' id='word_1_100' title='bbox 129 2150 307 2232; x_wconf 86' lang='lat' dir='ltr'><strong>explicite</strong></span> <span class='ocrx_word' id='word_1_101' title='bbox 329 2155 391 2214; x_wconf 88' lang='lat' dir='ltr'><strong>aut</strong></span> <span class='ocrx_word' id='word_1_102' title='bbox 421 2149 596 2232; x_wconf 89' lang='lat' dir='ltr'><strong>implicite</strong></span> <span class='ocrx_word' id='word_1_103' title='bbox 625 2139 885 2234; x_wconf 85' lang='lat' dir='ltr'><strong>infringantur;</strong></span> <span class='ocrx_word' id='word_1_104' title='bbox 911 2150 975 2214; x_wconf 88' lang='lat' dir='ltr'><strong>sed</strong></span> <span class='ocrx_word' id='word_1_105' title='bbox 1001 2157 1038 2215; x_wconf 93' lang='lat' dir='ltr'><strong>ut</strong></span> <span class='ocrx_word' id='word_1_106' title='bbox 1062 2151 1254 2232; x_wconf 92' lang='lat' dir='ltr'><strong>plurimum</strong></span> 
     </span>
     <span class='ocr_line' id='line_1_18' title="bbox 129 2257 1252 2343; baseline -0.001 -21"><span class='ocrx_word' id='word_1_107' title='bbox 129 2257 285 2322; x_wconf 87' lang='lat' dir='ltr'><strong>violatio</strong></span> <span class='ocrx_word' id='word_1_108' title='bbox 312 2257 447 2340; x_wconf 92' lang='lat' dir='ltr'><strong>duplici</strong></span> <span class='ocrx_word' id='word_1_109' title='bbox 465 2265 572 2340; x_wconf 88' lang='lat' dir='ltr'><strong>pacto</strong></span> <span class='ocrx_word' id='word_1_110' title='bbox 603 2261 808 2342; x_wconf 88' lang='lat' dir='ltr'><strong>perpetrari</strong></span> <span class='ocrx_word' id='word_1_111' title='bbox 837 2259 943 2324; x_wconf 87' lang='lat' dir='ltr'><strong>solet:</strong></span> <span class='ocrx_word' id='word_1_112' title='bbox 964 2258 992 2336; x_wconf 74' lang='lat'><strong>⁸)</strong></span> <span class='ocrx_word' id='word_1_113' title='bbox 1007 2257 1252 2343; x_wconf 82' lang='lat' dir='ltr'><strong>personaliter,</strong></span> 
     </span>
     <span class='ocr_line' id='line_1_19' title="bbox 129 2346 1252 2448; baseline -0.003 -18"><span class='ocrx_word' id='word_1_114' title='bbox 129 2365 259 2446; x_wconf 86' lang='lat' dir='ltr'><strong>copias</strong></span> <span class='ocrx_word' id='word_1_115' title='bbox 276 2365 635 2448; x_wconf 78' lang='lat' dir='ltr'><strong>subministrandoet</strong></span> <span class='ocrx_word' id='word_1_116' title='bbox 648 2367 829 2430; x_wconf 83' lang='lat' dir='ltr'><strong>exercitus</strong></span> <span class='ocrx_word' id='word_1_117' title='bbox 846 2346 1058 2430; x_wconf 80' lang='lat' dir='ltr'><strong>bellantium</strong></span> <span class='ocrx_word' id='word_1_118' title='bbox 1073 2363 1252 2446; x_wconf 82' lang='lat' dir='ltr'><strong>augend03</strong></span> 
     </span>
     <span class='ocr_line' id='line_1_20' title="bbox 144 2467 1255 2556; baseline 0 -21"><span class='ocrx_word' id='word_1_119' title='bbox 144 2467 171 2552; x_wconf 70' lang='lat'><strong>¹²)</strong></span> <span class='ocrx_word' id='word_1_120' title='bbox 190 2474 345 2555; x_wconf 82' lang='lat' dir='ltr'><strong>realiter,</strong></span> <span class='ocrx_word' id='word_1_121' title='bbox 377 2491 491 2555; x_wconf 81' lang='lat' dir='ltr'><strong>arma,</strong></span> <span class='ocrx_word' id='word_1_122' title='bbox 527 2475 755 2556; x_wconf 91' lang='lat' dir='ltr'><strong>munitiones,</strong></span> <span class='ocrx_word' id='word_1_123' title='bbox 785 2491 934 2555; x_wconf 88' lang='lat' dir='ltr'><strong>aequos,</strong></span> <span class='ocrx_word' id='word_1_124' title='bbox 962 2473 1190 2556; x_wconf 90' lang='lat' dir='ltr'><strong>provisiones</strong></span> <span class='ocrx_word' id='word_1_125' title='bbox 1208 2469 1255 2535; x_wconf 84' lang='lat' dir='ltr'><strong>ad</strong></span> 
     </span>
     <span class='ocr_line' id='line_1_21' title="bbox 128 2579 1251 2664; baseline 0.001 -22"><span class='ocrx_word' id='word_1_126' title='bbox 128 2579 311 2662; x_wconf 88' lang='lat' dir='ltr'><strong>praelium</strong></span> <span class='ocrx_word' id='word_1_127' title='bbox 328 2581 388 2646; x_wconf 82' lang='lat' dir='ltr'><strong>vel</strong></span> <span class='ocrx_word' id='word_1_128' title='bbox 406 2597 651 2664; x_wconf 81' lang='lat' dir='ltr'><strong>quascumque</strong></span> <span class='ocrx_word' id='word_1_129' title='bbox 667 2595 725 2644; x_wconf 89' lang='lat' dir='ltr'><strong>res</strong></span> <span class='ocrx_word' id='word_1_130' title='bbox 743 2581 920 2644; x_wconf 89' lang='lat' dir='ltr'><strong>militares</strong></span> <span class='ocrx_word' id='word_1_131' title='bbox 945 2598 990 2644; x_wconf 88' lang='lat' dir='ltr'><strong>ex</strong></span> <span class='ocrx_word' id='word_1_132' title='bbox 1009 2587 1251 2644; x_wconf 89' lang='lat' dir='ltr'><strong>armamenta·</strong></span> 
     </span>
     <span class='ocr_line' id='line_1_22' title="bbox 127 2687 1253 2772; baseline 0.001 -22"><span class='ocrx_word' id='word_1_133' title='bbox 127 2687 195 2751; x_wconf 81' lang='lat' dir='ltr'><strong>riis</strong></span> <span class='ocrx_word' id='word_1_134' title='bbox 205 2687 414 2772; x_wconf 86' lang='lat' dir='ltr'><strong>desumptas</strong></span> <span class='ocrx_word' id='word_1_135' title='bbox 427 2687 586 2753; x_wconf 90' lang='lat' dir='ltr'><strong>Statibus</strong></span> <span class='ocrx_word' id='word_1_136' title='bbox 600 2689 825 2754; x_wconf 87' lang='lat' dir='ltr'><strong>certantibus</strong></span> <span class='ocrx_word' id='word_1_137' title='bbox 843 2687 1079 2770; x_wconf 78' lang='lat' dir='ltr'><strong>praestand03</strong></span> <span class='ocrx_word' id='word_1_138' title='bbox 1091 2692 1253 2751; x_wconf 84' lang='lat' dir='ltr'><strong>attamen</strong></span> 
     </span>
    </p>
   </div>
   <div class='ocr_carea' id='block_1_3' title="bbox 144 2939 318 2950">
    <p class='ocr_par' dir='ltr' id='par_1_4' title="bbox 144 2939 318 2950">
     <span class='ocr_line' id='line_1_23' title="bbox 144 2939 318 2950; baseline 0 -2"><span class='ocrx_word' id='word_1_139' title='bbox 144 2939 318 2950; x_wconf 74' lang='lat'><strong>-—-—----</strong></span> 
     </span>
    </p>
   </div>
   <div class='ocr_carea' id='block_1_4' title="bbox 127 3093 1253 4378">
    <p class='ocr_par' dir='ltr' id='par_1_5' title="bbox 127 3093 1253 3231">
     <span class='ocr_line' id='line_1_24' title="bbox 127 3093 1253 3161; baseline 0.002 -15"><span class='ocrx_word' id='word_1_140' title='bbox 127 3095 180 3147; x_wconf 85' lang='lat' dir='ltr'><strong>dos</strong></span> <span class='ocrx_word' id='word_1_141' title='bbox 194 3093 278 3146; x_wconf 82' lang='lat' dir='ltr'><strong>sobre</strong></span> <span class='ocrx_word' id='word_1_142' title='bbox 297 3097 358 3147; x_wconf 87' lang='lat' dir='ltr'><strong>este</strong></span> <span class='ocrx_word' id='word_1_143' title='bbox 378 3097 466 3161; x_wconf 89' lang='lat' dir='ltr'><strong>punto</strong></span> <span class='ocrx_word' id='word_1_144' title='bbox 481 3109 532 3161; x_wconf 90' lang='lat' dir='ltr'><strong>por</strong></span> <span class='ocrx_word' id='word_1_145' title='bbox 544 3094 570 3146; x_wconf 86' lang='lat' dir='ltr'><strong>el</strong></span> <span class='ocrx_word' id='word_1_146' title='bbox 583 3094 718 3146; x_wconf 84' lang='lat' dir='ltr'><strong>Tribuncl</strong></span> <span class='ocrx_word' id='word_1_147' title='bbox 731 3093 848 3148; x_wconf 87' lang='lat' dir='ltr'><strong>arbitral</strong></span> <span class='ocrx_word' id='word_1_148' title='bbox 863 3095 899 3148; x_wconf 90' lang='lat' dir='ltr'><strong>de</strong></span> <span class='ocrx_word' id='word_1_149' title='bbox 924 3095 1048 3150; x_wconf 85' lang='lat' dir='ltr'><strong>Ginebra</strong></span> <span class='ocrx_word' id='word_1_150' title='bbox 1072 3109 1125 3150; x_wconf 89' lang='lat' dir='ltr'><strong>oon</strong></span> <span class='ocrx_word' id='word_1_151' title='bbox 1145 3095 1253 3148; x_wconf 86' lang='lat' dir='ltr'><strong>motivo</strong></span> 
     </span>
     <span class='ocr_line' id='line_1_25' title="bbox 127 3163 797 3231; baseline 0 -13"><span class='ocrx_word' id='word_1_152' title='bbox 127 3167 164 3218; x_wconf 89' lang='lat' dir='ltr'><strong>de</strong></span> <span class='ocrx_word' id='word_1_153' title='bbox 178 3167 206 3218; x_wconf 90' lang='lat' dir='ltr'><strong>la</strong></span> <span class='ocrx_word' id='word_1_154' title='bbox 219 3165 328 3218; x_wconf 80' lang='lat' dir='ltr'><strong>celebro</strong></span> <span class='ocrx_word' id='word_1_155' title='bbox 342 3167 469 3218; x_wconf 80' lang='lat' dir='ltr'><strong>cuestidn</strong></span> <span class='ocrx_word' id='word_1_156' title='bbox 483 3165 529 3217; x_wconf 89' lang='lat' dir='ltr'><strong>del</strong></span> <span class='ocrx_word' id='word_1_157' title='bbox 543 3163 637 3231; x_wconf 88' lang='lat' dir='ltr'><strong>buque</strong></span> <span class='ocrx_word' id='word_1_158' title='bbox 652 3166 797 3218; x_wconf 71' lang='lat' dir='ltr'><strong>,llabarna</strong></span> 
     </span>
    </p>

    <p class='ocr_par' dir='ltr' id='par_1_6' title="bbox 127 3237 1251 3804">
     <span class='ocr_line' id='line_1_26' title="bbox 202 3237 1251 3306; baseline 0 -18"><span class='ocrx_word' id='word_1_159' title='bbox 202 3239 243 3288; x_wconf 66' lang='grc' dir='ltr'><strong>1.ει</strong></span> <span class='ocrx_word' id='word_1_160' title='bbox 279 3238 357 3290; x_wconf 81' lang='lat' dir='ltr'><strong>&#39;lodo</strong></span> <span class='ocrx_word' id='word_1_161' title='bbox 380 3238 486 3290; x_wconf 81' lang='lat' dir='ltr'><strong>Eetado</strong></span> <span class='ocrx_word' id='word_1_162' title='bbox 507 3239 618 3290; x_wconf 84' lang='lat' dir='ltr'><strong>neutrel</strong></span> <span class='ocrx_word' id='word_1_163' title='bbox 632 3237 693 3290; x_wconf 75' lang='lat' dir='ltr'><strong>eetd</strong></span> <span class='ocrx_word' id='word_1_164' title='bbox 706 3238 839 3304; x_wconf 84' lang='lat' dir='ltr'><strong>obligado</strong></span> <span class='ocrx_word' id='word_1_165' title='bbox 860 3237 999 3306; x_wconf 80' lang='lat' dir='ltr'><strong>dejercer</strong></span> <span class='ocrx_word' id='word_1_166' title='bbox 1018 3238 1046 3290; x_wconf 86' lang='lat' dir='ltr'><strong>la</strong></span> <span class='ocrx_word' id='word_1_167' title='bbox 1066 3237 1171 3291; x_wconf 86' lang='lat' dir='ltr'><strong>debida</strong></span> <span class='ocrx_word' id='word_1_168' title='bbox 1185 3239 1251 3302; x_wconf 82' lang='lat' dir='ltr'><strong>vigi-</strong></span> 
     </span>
     <span class='ocr_line' id='line_1_27' title="bbox 127 3309 1251 3377; baseline 0 -15"><span class='ocrx_word' id='word_1_169' title='bbox 127 3310 223 3362; x_wconf 87' lang='lat' dir='ltr'><strong>lancis</strong></span> <span class='ocrx_word' id='word_1_170' title='bbox 235 3325 303 3376; x_wconf 87' lang='lat' dir='ltr'><strong>para</strong></span> <span class='ocrx_word' id='word_1_171' title='bbox 325 3309 415 3362; x_wconf 80' lang='lat' dir='ltr'><strong>evitar</strong></span> <span class='ocrx_word' id='word_1_172' title='bbox 428 3325 482 3374; x_wconf 88' lang='lat' dir='ltr'><strong>que</strong></span> <span class='ocrx_word' id='word_1_173' title='bbox 495 3325 531 3362; x_wconf 90' lang='lat' dir='ltr'><strong>en</strong></span> <span class='ocrx_word' id='word_1_174' title='bbox 545 3324 594 3362; x_wconf 89' lang='lat' dir='ltr'><strong>sus</strong></span> <span class='ocrx_word' id='word_1_175' title='bbox 608 3315 723 3376; x_wconf 90' lang='lat' dir='ltr'><strong>puertos</strong></span> <span class='ocrx_word' id='word_1_176' title='bbox 737 3325 768 3362; x_wconf 85' lang='lat' dir='ltr'><strong>se</strong></span> <span class='ocrx_word' id='word_1_177' title='bbox 782 3315 962 3377; x_wconf 85' lang='lat' dir='ltr'><strong>construyan,</strong></span> <span class='ocrx_word' id='word_1_178' title='bbox 977 3325 1075 3362; x_wconf 86' lang='lat' dir='ltr'><strong>armen</strong></span> <span class='ocrx_word' id='word_1_179' title='bbox 1098 3309 1251 3376; x_wconf 87' lang='lat' dir='ltr'><strong>dequipsn</strong></span> 
     </span>
     <span class='ocr_line' id='line_1_28' title="bbox 127 3379 1250 3448; baseline -0.002 -15"><span class='ocrx_word' id='word_1_180' title='bbox 127 3381 240 3445; x_wconf 87' lang='lat' dir='ltr'><strong>buqucs</strong></span> <span class='ocrx_word' id='word_1_181' title='bbox 253 3381 288 3434; x_wconf 90' lang='lat' dir='ltr'><strong>de</strong></span> <span class='ocrx_word' id='word_1_182' title='bbox 302 3396 402 3446; x_wconf 75' lang='lat' dir='ltr'><strong>guerra</strong></span> <span class='ocrx_word' id='word_1_183' title='bbox 414 3379 580 3432; x_wconf 87' lang='lat' dir='ltr'><strong>destinados</strong></span> <span class='ocrx_word' id='word_1_184' title='bbox 594 3380 610 3432; x_wconf 76' lang='lat' dir='ltr'><strong>a</strong></span> <span class='ocrx_word' id='word_1_185' title='bbox 625 3397 680 3432; x_wconf 91' lang='lat' dir='ltr'><strong>uno</strong></span> <span class='ocrx_word' id='word_1_186' title='bbox 693 3381 728 3432; x_wconf 90' lang='lat' dir='ltr'><strong>de</strong></span> <span class='ocrx_word' id='word_1_187' title='bbox 748 3383 790 3432; x_wconf 90' lang='lat' dir='ltr'><strong>los</strong></span> <span class='ocrx_word' id='word_1_188' title='bbox 804 3382 1002 3448; x_wconf 80' lang='lat' dir='ltr'><strong>beligcrantes;</strong></span> <span class='ocrx_word' id='word_1_189' title='bbox 1016 3399 1034 3447; x_wconf 90' lang='lat' dir='ltr'>y</span> <span class='ocrx_word' id='word_1_190' title='bbox 1049 3397 1099 3446; x_wconf 90' lang='lat' dir='ltr'><strong>por</strong></span> <span class='ocrx_word' id='word_1_191' title='bbox 1112 3386 1172 3434; x_wconf 87' lang='lat' dir='ltr'><strong>este</strong></span> <span class='ocrx_word' id='word_1_192' title='bbox 1188 3382 1250 3432; x_wconf 80' lang='lat' dir='ltr'><strong>mie-</strong></span> 
     </span>
     <span class='ocr_line' id='line_1_29' title="bbox 128 3452 1250 3519; baseline -0.001 -15"><span class='ocrx_word' id='word_1_193' title='bbox 128 3467 176 3504; x_wconf 86' lang='lat' dir='ltr'><strong>mo</strong></span> <span class='ocrx_word' id='word_1_194' title='bbox 189 3452 308 3504; x_wconf 87' lang='lat' dir='ltr'><strong>articulo</strong></span> <span class='ocrx_word' id='word_1_195' title='bbox 322 3452 444 3519; x_wconf 89' lang='lat' dir='ltr'><strong>prirnero</strong></span> <span class='ocrx_word' id='word_1_196' title='bbox 458 3452 494 3504; x_wconf 88' lang='lat' dir='ltr'><strong>de</strong></span> <span class='ocrx_word' id='word_1_197' title='bbox 507 3454 535 3504; x_wconf 88' lang='lat' dir='ltr'><strong>la</strong></span> <span class='ocrx_word' id='word_1_198' title='bbox 553 3452 699 3504; x_wconf 85' lang='lat' dir='ltr'><strong>sentencia</strong></span> <span class='ocrx_word' id='word_1_199' title='bbox 712 3467 743 3504; x_wconf 86' lang='lat' dir='ltr'><strong>ss</strong></span> <span class='ocrx_word' id='word_1_200' title='bbox 757 3453 877 3518; x_wconf 86' lang='lat' dir='ltr'><strong>dispone</strong></span> <span class='ocrx_word' id='word_1_201' title='bbox 891 3467 945 3518; x_wconf 89' lang='lat' dir='ltr'><strong>que</strong></span> <span class='ocrx_word' id='word_1_202' title='bbox 959 3453 1086 3505; x_wconf 80' lang='lat' dir='ltr'><strong>tambien</strong></span> <span class='ocrx_word' id='word_1_203' title='bbox 1101 3455 1127 3506; x_wconf 88' lang='lat' dir='ltr'><strong>el</strong></span> <span class='ocrx_word' id='word_1_204' title='bbox 1142 3453 1250 3504; x_wconf 82' lang='lat' dir='ltr'><strong>Estado</strong></span> 
     </span>
     <span class='ocr_line' id='line_1_30' title="bbox 127 3522 1251 3592; baseline 0 -16"><span class='ocrx_word' id='word_1_205' title='bbox 127 3525 240 3576; x_wconf 84' lang='lat' dir='ltr'><strong>neutral</strong></span> <span class='ocrx_word' id='word_1_206' title='bbox 260 3523 466 3588; x_wconf 75' lang='lat' dir='ltr'><strong>estdobligado</strong></span> <span class='ocrx_word' id='word_1_207' title='bbox 488 3523 706 3588; x_wconf 76' lang='lat' dir='ltr'><strong>dirnpedirque</strong></span> <span class='ocrx_word' id='word_1_208' title='bbox 731 3522 841 3589; x_wconf 86' lang='lat' dir='ltr'><strong>buques</strong></span> <span class='ocrx_word' id='word_1_209' title='bbox 863 3525 996 3576; x_wconf 80' lang='lat' dir='ltr'><strong>ennados</strong></span> <span class='ocrx_word' id='word_1_210' title='bbox 1019 3526 1118 3592; x_wconf 85' lang='lat' dir='ltr'><strong>salgan</strong></span> <span class='ocrx_word' id='word_1_211' title='bbox 1143 3525 1178 3576; x_wconf 93' lang='lat' dir='ltr'><strong>de</strong></span> <span class='ocrx_word' id='word_1_212' title='bbox 1201 3537 1251 3576; x_wconf 83' lang='lat' dir='ltr'><strong>sus</strong></span> 
     </span>
     <span class='ocr_line' id='line_1_31' title="bbox 128 3595 1250 3662; baseline 0 -16"><span class='ocrx_word' id='word_1_213' title='bbox 128 3600 245 3662; x_wconf 89' lang='lat' dir='ltr'><strong>puertos</strong></span> <span class='ocrx_word' id='word_1_214' title='bbox 258 3612 275 3660; x_wconf 87' lang='lat' dir='ltr'>y</span> <span class='ocrx_word' id='word_1_215' title='bbox 289 3595 325 3648; x_wconf 89' lang='lat' dir='ltr'><strong>de</strong></span> <span class='ocrx_word' id='word_1_216' title='bbox 343 3611 392 3648; x_wconf 88' lang='lat' dir='ltr'><strong>sus</strong></span> <span class='ocrx_word' id='word_1_217' title='bbox 411 3611 499 3660; x_wconf 78' lang='lat' dir='ltr'><strong>aguas</strong></span> <span class='ocrx_word' id='word_1_218' title='bbox 512 3595 767 3660; x_wconf 82' lang='lat' dir='ltr'><strong>jurisdicclonales,</strong></span> <span class='ocrx_word' id='word_1_219' title='bbox 781 3595 904 3660; x_wconf 85' lang='lat' dir='ltr'><strong>eicrnpre</strong></span> <span class='ocrx_word' id='word_1_220' title='bbox 929 3611 984 3661; x_wconf 87' lang='lat' dir='ltr'><strong>que</strong></span> <span class='ocrx_word' id='word_1_221' title='bbox 1006 3601 1111 3660; x_wconf 82' lang='lat' dir='ltr'><strong>tengnn</strong></span> <span class='ocrx_word' id='word_1_222' title='bbox 1127 3599 1250 3646; x_wconf 74' lang='lat' dir='ltr'><strong>motinus</strong></span> 
     </span>
     <span class='ocr_line' id='line_1_32' title="bbox 128 3665 1250 3734; baseline -0.003 -16"><span class='ocrx_word' id='word_1_223' title='bbox 128 3667 272 3718; x_wconf 83' lang='lat' dir='ltr'><strong>fundados</strong></span> <span class='ocrx_word' id='word_1_224' title='bbox 286 3681 353 3734; x_wconf 83' lang='lat' dir='ltr'><strong>para</strong></span> <span class='ocrx_word' id='word_1_225' title='bbox 367 3667 521 3733; x_wconf 85' lang='lat' dir='ltr'><strong>sospcchar</strong></span> <span class='ocrx_word' id='word_1_226' title='bbox 533 3682 588 3732; x_wconf 90' lang='lat' dir='ltr'><strong>quc</strong></span> <span class='ocrx_word' id='word_1_227' title='bbox 603 3681 656 3718; x_wconf 84' lang='lat' dir='ltr'><strong>ran</strong></span> <span class='ocrx_word' id='word_1_228' title='bbox 670 3667 835 3718; x_wconf 83' lang='lat' dir='ltr'><strong>destinedos</strong></span> <span class='ocrx_word' id='word_1_229' title='bbox 855 3665 871 3718; x_wconf 79' lang='lat' dir='ltr'><strong>ri</strong></span> <span class='ocrx_word' id='word_1_230' title='bbox 886 3681 942 3718; x_wconf 88' lang='lat' dir='ltr'><strong>uno</strong></span> <span class='ocrx_word' id='word_1_231' title='bbox 956 3667 992 3718; x_wconf 90' lang='lat' dir='ltr'><strong>de</strong></span> <span class='ocrx_word' id='word_1_232' title='bbox 1006 3668 1048 3719; x_wconf 89' lang='lat' dir='ltr'><strong>ios</strong></span> <span class='ocrx_word' id='word_1_233' title='bbox 1059 3667 1250 3733; x_wconf 86' lang='lat' dir='ltr'><strong>beligerantes</strong></span> 
     </span>
     <span class='ocr_line' id='line_1_33' title="bbox 127 3741 458 3804; baseline -0.003 -14"><span class='ocrx_word' id='word_1_234' title='bbox 127 3754 164 3790; x_wconf 85' lang='lat' dir='ltr'><strong>en</strong></span> <span class='ocrx_word' id='word_1_235' title='bbox 180 3741 317 3804; x_wconf 86' lang='lat' dir='ltr'><strong>pcrjnicio</strong></span> <span class='ocrx_word' id='word_1_236' title='bbox 331 3741 374 3790; x_wconf 89' lang='lat' dir='ltr'><strong>del</strong></span> <span class='ocrx_word' id='word_1_237' title='bbox 389 3745 458 3790; x_wconf 85' lang='lat' dir='ltr'><strong>otro.</strong></span> 
     </span>
    </p>

    <p class='ocr_par' dir='ltr' id='par_1_7' title="bbox 128 3807 1250 4091">
     <span class='ocr_line' id='line_1_34' title="bbox 201 3807 1249 3876; baseline -0.002 -16"><span class='ocrx_word' id='word_1_238' title='bbox 201 3814 241 3861; x_wconf 67' lang='lat'><strong>22</strong></span> <span class='ocrx_word' id='word_1_239' title='bbox 278 3809 355 3862; x_wconf 87' lang='lat' dir='ltr'><strong>Todo</strong></span> <span class='ocrx_word' id='word_1_240' title='bbox 377 3809 482 3860; x_wconf 79' lang='lat' dir='ltr'><strong>Estndo</strong></span> <span class='ocrx_word' id='word_1_241' title='bbox 502 3811 612 3860; x_wconf 86' lang='lat' dir='ltr'><strong>neutral</strong></span> <span class='ocrx_word' id='word_1_242' title='bbox 632 3808 694 3860; x_wconf 75' lang='lat' dir='ltr'><strong>csta</strong></span> <span class='ocrx_word' id='word_1_243' title='bbox 718 3807 850 3874; x_wconf 81' lang='lat' dir='ltr'><strong>obligado</strong></span> <span class='ocrx_word' id='word_1_244' title='bbox 875 3808 892 3860; x_wconf 80' lang='lat' dir='ltr'><strong>d</strong></span> <span class='ocrx_word' id='word_1_245' title='bbox 911 3807 1033 3876; x_wconf 87' lang='lat' dir='ltr'><strong>impedir</strong></span> <span class='ocrx_word' id='word_1_246' title='bbox 1058 3825 1112 3876; x_wconf 90' lang='lat' dir='ltr'><strong>que</strong></span> <span class='ocrx_word' id='word_1_247' title='bbox 1139 3824 1174 3860; x_wconf 87' lang='lat' dir='ltr'><strong>en</strong></span> <span class='ocrx_word' id='word_1_248' title='bbox 1200 3823 1249 3858; x_wconf 87' lang='lat' dir='ltr'><strong>sus</strong></span> 
     </span>
     <span class='ocr_line' id='line_1_35' title="bbox 128 3880 1249 3948; baseline -0.003 -16"><span class='ocrx_word' id='word_1_249' title='bbox 128 3889 245 3948; x_wconf 86' lang='lat' dir='ltr'><strong>puertos</strong></span> <span class='ocrx_word' id='word_1_250' title='bbox 259 3897 276 3946; x_wconf 90' lang='lat' dir='ltr'><strong>y</strong></span> <span class='ocrx_word' id='word_1_251' title='bbox 290 3897 377 3947; x_wconf 82' lang='lat' dir='ltr'><strong>eguus</strong></span> <span class='ocrx_word' id='word_1_252' title='bbox 390 3882 634 3946; x_wconf 76' lang='lat' dir='ltr'><strong>jurisdictionules</strong></span> <span class='ocrx_word' id='word_1_253' title='bbox 648 3885 747 3932; x_wconf 77' lang='lat' dir='ltr'><strong>eritren</strong></span> <span class='ocrx_word' id='word_1_254' title='bbox 762 3880 871 3946; x_wconf 86' lang='lat' dir='ltr'><strong>buqucs</strong></span> <span class='ocrx_word' id='word_1_255' title='bbox 885 3881 920 3932; x_wconf 89' lang='lat' dir='ltr'><strong>de</strong></span> <span class='ocrx_word' id='word_1_256' title='bbox 935 3883 976 3934; x_wconf 91' lang='lat' dir='ltr'><strong>los</strong></span> <span class='ocrx_word' id='word_1_257' title='bbox 991 3881 1181 3946; x_wconf 75' lang='lat' dir='ltr'><strong>beligerantes</strong></span> <span class='ocrx_word' id='word_1_258' title='bbox 1197 3894 1249 3930; x_wconf 92' lang='lat' dir='ltr'><strong>con</strong></span> 
     </span>
     <span class='ocr_line' id='line_1_36' title="bbox 128 3951 1250 4022; baseline -0.002 -18"><span class='ocrx_word' id='word_1_259' title='bbox 128 3954 155 4004; x_wconf 91' lang='lat' dir='ltr'><strong>el</strong></span> <span class='ocrx_word' id='word_1_260' title='bbox 168 3953 207 4003; x_wconf 87' lang='lat' dir='ltr'><strong>fin</strong></span> <span class='ocrx_word' id='word_1_261' title='bbox 221 3953 256 4004; x_wconf 87' lang='lat' dir='ltr'><strong>de</strong></span> <span class='ocrx_word' id='word_1_262' title='bbox 270 3953 471 4022; x_wconf 82' lang='lat' dir='ltr'><strong>pertreulrsrse‚</strong></span> <span class='ocrx_word' id='word_1_263' title='bbox 482 3969 499 4018; x_wconf 86' lang='lat' dir='ltr'>y</span> <span class='ocrx_word' id='word_1_264' title='bbox 513 3953 585 4004; x_wconf 84' lang='lat' dir='ltr'><strong>debe</strong></span> <span class='ocrx_word' id='word_1_265' title='bbox 599 3953 722 4004; x_wconf 77' lang='lat' dir='ltr'><strong>cultures</strong></span> <span class='ocrx_word' id='word_1_266' title='bbox 736 3951 862 4004; x_wconf 77' lang='lat' dir='ltr'><strong>tembidn</strong></span> <span class='ocrx_word' id='word_1_267' title='bbox 875 3967 930 4018; x_wconf 88' lang='lat' dir='ltr'><strong>quc</strong></span> <span class='ocrx_word' id='word_1_268' title='bbox 943 3956 1040 4006; x_wconf 85' lang='lat' dir='ltr'><strong>sirrcn</strong></span> <span class='ocrx_word' id='word_1_269' title='bbox 1056 3968 1120 4006; x_wconf 81' lang='lat' dir='ltr'><strong>cens</strong></span> <span class='ocrx_word' id='word_1_270' title='bbox 1132 3953 1250 4004; x_wconf 84' lang='lat' dir='ltr'><strong>rniemas</strong></span> 
     </span>
     <span class='ocr_line' id='line_1_37' title="bbox 128 4023 759 4091; baseline -0.003 -15"><span class='ocrx_word' id='word_1_271' title='bbox 128 4039 216 4090; x_wconf 84' lang='lat' dir='ltr'><strong>aguas</strong></span> <span class='ocrx_word' id='word_1_272' title='bbox 230 4042 247 4090; x_wconf 89' lang='lat' dir='ltr'>y</span> <span class='ocrx_word' id='word_1_273' title='bbox 261 4030 376 4091; x_wconf 89' lang='lat' dir='ltr'><strong>puertoe</strong></span> <span class='ocrx_word' id='word_1_274' title='bbox 390 4025 425 4074; x_wconf 89' lang='lat' dir='ltr'><strong>dc</strong></span> <span class='ocrx_word' id='word_1_275' title='bbox 440 4023 507 4076; x_wconf 86' lang='lat' dir='ltr'><strong>base</strong></span> <span class='ocrx_word' id='word_1_276' title='bbox 521 4025 556 4076; x_wconf 87' lang='lat' dir='ltr'><strong>de</strong></span> <span class='ocrx_word' id='word_1_277' title='bbox 570 4025 759 4090; x_wconf 86' lang='lat' dir='ltr'><strong>operaciones.</strong></span> 
     </span>
    </p>

    <p class='ocr_par' dir='ltr' id='par_1_8' title="bbox 129 4093 1251 4378">
     <span class='ocr_line' id='line_1_38' title="bbox 200 4093 1251 4165; baseline -0.001 -19"><span class='ocrx_word' id='word_1_278' title='bbox 200 4098 241 4148; x_wconf 70' lang='grc' dir='ltr'><strong>3.ιι</strong></span> <span class='ocrx_word' id='word_1_279' title='bbox 277 4096 354 4148; x_wconf 81' lang='lat' dir='ltr'><strong>Tude</strong></span> <span class='ocrx_word' id='word_1_280' title='bbox 368 4096 474 4147; x_wconf 80' lang='lat' dir='ltr'><strong>Estndo</strong></span> <span class='ocrx_word' id='word_1_281' title='bbox 488 4097 597 4148; x_wconf 86' lang='lat' dir='ltr'><strong>nentrnl</strong></span> <span class='ocrx_word' id='word_1_282' title='bbox 611 4095 672 4148; x_wconf 79' lang='lat' dir='ltr'><strong>estd</strong></span> <span class='ocrx_word' id='word_1_283' title='bbox 685 4097 858 4160; x_wconf 80' lang='lat' dir='ltr'><strong>iguelmente</strong></span> <span class='ocrx_word' id='word_1_284' title='bbox 871 4094 1004 4165; x_wconf 79' lang='lat' dir='ltr'><strong>obligado</strong></span> <span class='ocrx_word' id='word_1_285' title='bbox 1014 4095 1032 4148; x_wconf 83' lang='lat' dir='ltr'><strong>d</strong></span> <span class='ocrx_word' id='word_1_286' title='bbox 1044 4097 1154 4162; x_wconf 80' lang='lat' dir='ltr'><strong>ejercer</strong></span> <span class='ocrx_word' id='word_1_287' title='bbox 1167 4095 1193 4146; x_wconf 85' lang='lat' dir='ltr'><strong>la</strong></span> <span class='ocrx_word' id='word_1_288' title='bbox 1204 4093 1251 4146; x_wconf 91' lang='lat' dir='ltr'><strong>de·</strong></span> 
     </span>
     <span class='ocr_line' id='line_1_39' title="bbox 129 4165 1249 4235; baseline -0.001 -17"><span class='ocrx_word' id='word_1_289' title='bbox 129 4166 196 4218; x_wconf 87' lang='lat' dir='ltr'><strong>bida</strong></span> <span class='ocrx_word' id='word_1_290' title='bbox 210 4169 360 4233; x_wconf 81' lang='lat' dir='ltr'><strong>vigilancia</strong></span> <span class='ocrx_word' id='word_1_291' title='bbox 373 4183 407 4218; x_wconf 90' lang='lat' dir='ltr'><strong>en</strong></span> <span class='ocrx_word' id='word_1_292' title='bbox 432 4184 481 4218; x_wconf 87' lang='lat' dir='ltr'><strong>ens</strong></span> <span class='ocrx_word' id='word_1_293' title='bbox 496 4173 610 4234; x_wconf 86' lang='lat' dir='ltr'><strong>puertos</strong></span> <span class='ocrx_word' id='word_1_294' title='bbox 633 4183 650 4234; x_wconf 88' lang='lat' dir='ltr'>y</span> <span class='ocrx_word' id='word_1_295' title='bbox 664 4181 752 4230; x_wconf 85' lang='lat' dir='ltr'><strong>aguas</strong></span> <span class='ocrx_word' id='word_1_296' title='bbox 773 4166 1018 4232; x_wconf 86' lang='lat' dir='ltr'><strong>jurisdiccionalee</strong></span> <span class='ocrx_word' id='word_1_297' title='bbox 1034 4183 1101 4235; x_wconf 85' lang='lat' dir='ltr'><strong>para</strong></span> <span class='ocrx_word' id='word_1_298' title='bbox 1124 4165 1249 4234; x_wconf 77' lang='lat' dir='ltr'><strong>impedit</strong></span> 
     </span>
     <span class='ocr_line' id='line_1_40' title="bbox 129 4238 1248 4307; baseline -0.001 -17"><span class='ocrx_word' id='word_1_299' title='bbox 129 4254 184 4304; x_wconf 87' lang='lat' dir='ltr'><strong>que</strong></span> <span class='ocrx_word' id='word_1_300' title='bbox 197 4239 357 4305; x_wconf 79' lang='lat' dir='ltr'><strong>cuelquiera</strong></span> <span class='ocrx_word' id='word_1_301' title='bbox 369 4239 404 4290; x_wconf 90' lang='lat' dir='ltr'><strong>de</strong></span> <span class='ocrx_word' id='word_1_302' title='bbox 418 4255 467 4291; x_wconf 89' lang='lat' dir='ltr'><strong>sus</strong></span> <span class='ocrx_word' id='word_1_303' title='bbox 487 4239 660 4291; x_wconf 88' lang='lat' dir='ltr'><strong>cindadunos</strong></span> <span class='ocrx_word' id='word_1_304' title='bbox 674 4238 809 4303; x_wconf 80' lang='lat' dir='ltr'><strong>veritique</strong></span> <span class='ocrx_word' id='word_1_305' title='bbox 822 4239 864 4291; x_wconf 85' lang='lat' dir='ltr'><strong>las</strong></span> <span class='ocrx_word' id='word_1_306' title='bbox 883 4239 1067 4307; x_wconf 82' lang='lat' dir='ltr'><strong>operaciones</strong></span> <span class='ocrx_word' id='word_1_307' title='bbox 1081 4249 1163 4292; x_wconf 83' lang='lat' dir='ltr'><strong>antee</strong></span> <span class='ocrx_word' id='word_1_308' title='bbox 1178 4238 1248 4290; x_wconf 89' lang='lat' dir='ltr'><strong>indi·</strong></span> 
     </span>
     <span class='ocr_line' id='line_1_41' title="bbox 130 4309 832 4378; baseline 0.003 -16"><span class='ocrx_word' id='word_1_309' title='bbox 130 4311 215 4364; x_wconf 84' lang='lat' dir='ltr'><strong>codas</strong></span> <span class='ocrx_word' id='word_1_310' title='bbox 229 4313 245 4364; x_wconf 87' lang='grc' dir='ltr'>ό</span> <span class='ocrx_word' id='word_1_311' title='bbox 256 4315 330 4365; x_wconf 83' lang='lat' dir='ltr'><strong>viole</strong></span> <span class='ocrx_word' id='word_1_312' title='bbox 343 4312 385 4363; x_wconf 82' lang='lat' dir='ltr'><strong>lae</strong></span> <span class='ocrx_word' id='word_1_313' title='bbox 396 4309 588 4376; x_wconf 82' lang='lat' dir='ltr'><strong>obligaciones</strong></span> <span class='ocrx_word' id='word_1_314' title='bbox 602 4325 637 4378; x_wconf 83' lang='lat' dir='ltr'><strong>ya</strong></span> <span class='ocrx_word' id='word_1_315' title='bbox 650 4310 832 4378; x_wconf 83' lang='lat' dir='ltr'><strong>expresadae.</strong></span> 
     </span>
    </p>
   </div>
   <div class='ocr_carea' id='block_1_5' title="bbox 0 0 1534 4994">
    <p class='ocr_par' dir='ltr' id='par_1_9' title="bbox 0 0 1534 4994">
     <span class='ocr_line' id='line_1_42' title="bbox 0 0 1534 4994; baseline 0 0"><span class='ocrx_word' id='word_1_316' title='bbox 0 0 1534 4994; x_wconf 95' lang='lat' dir='ltr'><strong> </strong></span> 
     </span>
    </p>
   </div>
  </div>
 </body>
</html>
