3062 4994
538 412 718 469 -127-

97 555 239 617 aratura
254 552 405 617 inditum
422 571 566 638 semper
583 555 677 636 fovit
692 559 728 618 et
744 555 858 636 auxit,
881 555 964 619 loca
988 556 1026 620 iu
1056 557 1187 640 quibus

97 658 301 738 requiescunt
317 660 474 724 exuviae
492 659 664 742 fidelium,
680 662 814 743 optimo
835 661 918 742 jure
934 669 969 741 et
988 663 1119 744 potiori
1133 682 1190 727 ra-

97 764 173 827 tione
189 764 282 828 dicta
300 770 412 848 atque
439 772 606 848 spectata
623 773 708 831 sunt
738 770 913 852 religioso,
933 775 1113 851 quatenus
1143 771 1191 834 ri-

96 869 136 932 tui
146 875 178 933 et
191 889 297 953 scopo
311 872 481 954 religioso
495 874 533 937 in
549 874 723 938 honorem
742 875 943 941 divinitatis
958 877 1190 959 adimplendo

95 974 263 1059 destinata,
283 995 425 1042 necnon
439 980 714 1044 ecclesiasticae
722 981 967 1062 jurisdictioni
980 983 1190 1050 immediate

95 1082 234 1164 subjecta
250 1085 393 1148 censeri
410 1085 556 1150 debent.

163 1189 204 1254 Et
216 1209 304 1256 sane
321 1193 450 1258 sivein
468 1194 556 1276 ipsis
573 1193 757 1274 Ecoleaiis,
774 1195 854 1259 sive
868 1200 973 1260 extra
986 1195 1191 1261 Ecclesiam

96 1300 256 1362 exstructa
272 1299 356 1379 sint,
374 1305 543 1364 naturam
560 1301 769 1381 religiosam
786 1301 940 1365 iuduunt
957 1302 1093 1383 duplici
1106 1320 1191 1366 con·

95 1405 180 1481 septu
195 1405 364 1485 specialis
381 1405 610 1471 dedicationis
627 1406 824 1488 Religionis
842 1407 921 1471 usui
938 1411 975 1471 et
988 1409 1187 1472 immunita-

95 1509 159 1571 tiaa
185 1511 283 1575 civili
314 1517 510 1593 potestate.
540 1511 576 1577 Si
594 1513 689 1576 euim
705 1513 802 1576 intra
820 1513 958 1594 templa
976 1517 1187 1577 constructa

94 1613 204 1678 luerint
219 1617 402 1700 sepulcra,
421 1617 555 1682 nemini
572 1618 610 1682 in
627 1618 773 1682 dubium
790 1635 969 1683 revocare
985 1619 1083 1700 licet,
1103 1620 1192 1703 quin

94 1735 224 1801 corpora
236 1723 487 1787 defunctorum
500 1725 537 1787 in
550 1723 724 1788 Ecclesiis
737 1725 881 1806 sepulta
898 1726 971 1790 sint
987 1743 1032 1790 ex
1045 1727 1189 1809 religio·

94 1843 124 1887 aa
142 1829 436 1912 consideratione,
461 1830 616 1914 ideoque
632 1833 802 1913 sepulcra
819 1833 1013 1914 gentilitia,
1033 1835 1190 1898 familia·

94 1932 136 1995 ria
148 1937 201 1999 rel
216 1936 418 2018 singularia
430 1939 496 2000 sub
514 1937 701 2002 Ecclesiae
718 1956 807 2002 cura
824 1945 934 2021 atque
949 1940 1114 2003 custodia
1128 1959 1191 2022 po-

95 2038 156 2120 sita,
182 2043 256 2123 ejus
287 2042 519 2107 immediatae
553 2061 596 2108 ac
624 2045 837 2108 exclusivae
872 2047 1044 2126 potestati
1072 2046 1191 2126 subja-

96 2155 190 2211 ceant.
207 2148 267 2214 Sin
284 2167 374 2215 vero
390 2155 521 2231 agatur
538 2150 582 2214 de
611 2151 839 2214 coemeteriis
871 2155 977 2215 extra
1004 2151 1190 2215 Ecclesiae

95 2256 276 2338 exstructis,
295 2256 435 2338 pariter
448 2257 568 2320 elucet
592 2257 784 2321 character
801 2258 993 2339 religiosus
1012 2257 1190 2338 ejusmodi

95 2355 242 2443 locorum;
261 2381 347 2426 nam
365 2381 430 2444 pro
448 2363 656 2427 christianis
673 2363 859 2428 cadavera
880 2365 1114 2445 ipsorumque
1132 2363 1191 2427 de-

95 2467 201 2542 positio
217 2469 399 2550 objectum
415 2471 639 2534 constituunt
652 2471 812 2552 religiosi
837 2471 967 2550 cultus,
998 2477 1034 2533 et
1050 2486 1190 2533 coeme-

95 2572 167 2634 teria
181 2575 283 2639 unice
300 2576 528 2640 destinantur
544 2577 628 2639 huic
646 2575 765 2640 officio
784 2576 949 2658 obsequii
962 2575 999 2640 in
1013 2575 1129 2639 Deum
1148 2593 1193 2640 ac

95 2676 268 2755 spiritualis
285 2681 476 2746 charitatis
493 2683 530 2746 in
547 2683 764 2764 proximum,
783 2682 877 2746 uude
893 2699 967 2745 non
984 2681 1089 2746 modo
1107 2699 1191 2745 cou-

94 2791 259 2851 secrautur
272 2787 334 2852 vel
352 2787 613 2851 benedicuntur
644 2790 759 2852 sacris
774 2788 915 2870 ritibuS,
937 2787 1192 2852 verumetiam

95 2889 221 2966 quilibet
236 2899 340 2958 actus
358 2895 503 2976 profani
527 2895 565 2957 in
582 2895 633 2960 eis
648 2895 899 2977 prohibentur.

164 2997 250 3064 Hinc
267 3005 368 3064 recte
381 3000 565 3083 colligitur
588 3001 625 3064 in
644 3001 871 3065 coemeteriis
892 3000 1099 3064 christianis
1113 3005 1191 3062 tan·

96 3099 153 3166 ium
166 3104 344 3171 humanda
360 3123 441 3170 esse
458 3125 614 3188 corpora
630 3107 788 3170 fidelium
810 3107 918 3188 juxta
934 3105 1122 3170 Ecclesiae
1136 3105 1193 3186 ju-

96 3203 216 3294 dicium,
234 3214 470 3296 graviterque
488 3231 613 3277 errare
639 3230 701 3276 eos
729 3213 792 3295 qui
825 3212 1049 3276 contendunt
1066 3227 1192 3274 omnes

95 3314 327 3402 cujuscumque
345 3320 545 3402 religionis,
561 3320 621 3384 vel
634 3319 743 3383 ctiam
757 3319 903 3400 nullius,
920 3319 957 3382 in
970 3317 1097 3382 eodem
1110 3317 1193 3381 loco

96 3433 159 3484 csse
170 3425 406 3507 sepeliendum
423 3424 599 3507 ejusmodi
613 3425 765 3489 assertio
780 3429 908 3506 aperte
924 3424 1020 3486 falsa
1037 3426 1074 3487 et
1090 3441 1193 3505 pror-

95 3538 142 3588 aus
156 3529 272 3614 iniqua
291 3536 459 3614 apparet:
491 3532 538 3596 1.ο
567 3531 652 3613 quia
678 3536 765 3608 tunc
795 3529 998 3594 commuuio
1028 3529 1191 3593 exterior

95 3646 151 3696 uon
165 3639 397 3721 responderet
409 3638 652 3702 communioni
667 3637 862 3718 religiosae
876 3653 984 3718 quam
997 3635 1192 3718 significat;

95 3733 409 3826 i⁰quiasepulcr0
437 3745 643 3809 auferretur
672 3744 830 3825 qualitas
849 3742 920 3807 loci
953 3742 1128 3823 religiosi,
1157 3747 1195 3806 et

96 3849 259 3926 sepultura
286 3855 454 3916 naturam
484 3855 588 3915 actus
620 3850 782 3932 religiosi
799 3851 996 3929 amitteret;
1030 3848 1082 3912 3.⁰
1107 3850 1194 3930 quia

97 3955 218 4034 saepius
248 3958 359 4023 etiam
390 3958 479 4041 ipsis
511 3957 745 4022 heterodoxis
783 3957 1012 4038 irrogaretur
1043 3955 1192 4038 injuria,

97 4059 208 4142 quippe
230 4065 357 4129 merito
385 4063 689 4146 praesumendum
714 4069 770 4128 est
787 4063 1019 4142 dissidentes,
1041 4079 1105 4144 per
1122 4080 1190 4127 ro-

97 4158 266 4236 luntariam
276 4171 518 4236 deiectionem
532 4169 577 4233 ab
591 4169 758 4235 Ecclesia
767 4167 956 4234 catholica
969 4171 1195 4251 segregatos,

98 4269 244 4360 noluisse,
259 4277 343 4343 dum
358 4277 395 4342 in
412 4277 508 4343 vivis
523 4281 685 4360 agerent,
703 4293 822 4360 nequa
836 4293 903 4359 pro
921 4281 1085 4358 temporo
1098 4275 1195 4339 iutu-
