3028 4992
781 377 959 436 -366-

310 538 404 603 quae
421 518 564 602 quidem
583 537 678 584 anno
698 519 796 599 1871,
812 521 1007 585 constituto
1023 518 1180 600 Imperio
1210 515 1434 582 Germanico

310 627 538 690 foederativo
571 627 638 690 sub
675 625 875 690 directione
905 625 1012 707 Regis
1043 625 1250 704 Borussiae,
1283 641 1436 704 prorsus

310 734 483 812 cessavit,
498 733 682 814 etiamque
696 749 741 796 ex
758 732 878 796 veteri
911 731 1240 797 confoederatione
1272 729 1435 794 Helveti-

310 856 367 919 os,
386 856 480 920 qaae
494 837 640 902 tendent
656 839 693 902 in
711 837 1012 902 Foederationem
1026 837 1145 900 desiit.

398 945 602 1010 Foederatio
618 946 856 1008 communiter
870 944 1050 1008 delinitur:
1069 941 1341 1024 Agglomcratio
1356 941 1434 1023 plu·

311 1051 402 1115 rium
420 1051 595 1130 Statuam,
617 1051 679 1131 qui
712 1067 814 1114 suam
843 1049 1088 1114 autonomiam
1120 1047 1240 1130 quoad
1270 1047 1435 1110 ordinem

310 1159 519 1222 interiorem
538 1156 749 1238 retinentes,
761 1175 832 1238 ‚pro
847 1157 1002 1238 negotiis
1015 1155 1265 1220 communibus
1279 1160 1315 1217 et
1338 1153 1433 1216 rela-

313 1264 470 1327 tionibus
499 1263 842 1327 internationelibus
874 1265 911 1326 vi
943 1261 1211 1326 constitutionis
1243 1260 1434 1340 foederalis

311 1369 428 1434 Statui
448 1369 602 1433 centrali
621 1377 838 1450 potestatem
858 1369 1062 1448 conferunt;
1083 1365 1335 1449 praeclariora
1359 1365 1433 1428 loe·

311 1475 508 1539 durationis
527 1475 695 1556 exemplu
719 1475 899 1538 habentur
917 1473 1035 1556 quoad
1050 1473 1233 1553 Europam
1251 1472 1287 1534 in
1316 1470 1432 1550 Repu·

311 1581 407 1645 blica
441 1581 645 1656 Helvetiae,
676 1580 796 1662 quoad
835 1597 924 1643 vero
965 1579 1172 1643 Amerinam
1206 1577 1242 1640 in
1271 1575 1431 1640 Statibus

314 1687 477 1750 Unionis.

705 1949 967 2016 ARTIOULUS
992 1949 1039 2014 11.

743 2151 990 2218 Scirunmuu.

314 2361 355 2409 36.
379 2355 546 2422 Sulijsctunt
566 2353 772 2408 uotiuum—37.
792 2355 863 2409 Jura
887 2355 1107 2410 Statuam—38.
1126 2355 1181 2409 Jus
1202 2352 1369 2408 evidentiae
1383 2352 1429 2404 Re·

384 2429 507 2493 cognitio
523 2428 838 2480 intercutaneus-ue.
859 2425 913 2480 Jus
932 2427 1231 2482 concavatione-40.
1253 2423 1429 2478 Modificatio
1501 2441 1502 2448 ¹

382 2515 434 2550 nes
448 2499 588 2564 Statuam,
602 2513 753 2563 earumque
766 2499 977 2550 allectus—ll.
998 2499 1051 2550 ius
1064 2497 1331 2566 aequalitatis-li.
1349 2496 1429 2548 Notio

383 2569 572 2634 neutralitatis.
588 2569 654 2621 -43,
675 2569 813 2634 Dignitas,
827 2571 902 2620 tituli
915 2583 947 2620 ac
960 2571 1151 2635 praelationes
1166 2571 1310 2625 statuum.

401 2755 455 2817 36.
503 2753 575 2817 Sub
592 2754 884 2820 denominatione
897 2757 1051 2838 subjecti
1070 2758 1176 2822 activi
1204 2771 1370 2821 sermone
1379 2755 1430 2834 jn·

313 2860 721 2926 ridica-internetionali
745 2865 897 2928 veniunt
913 2863 1036 2928 Status
1062 2881 1129 2929 ceu
1158 2865 1358 2929 creditores
1384 2861 1430 2923 in-

313 2969 443 3049 specti,
473 2968 542 3032 hoc
577 2975 643 3050 est,
663 2976 839 3051 quatenus
872 2972 1077 3035 reclamare
1109 2977 1263 3054 possunt
1294 2968 1429 3034 fidelem

314 3075 610 3156 adimpletionem
628 3077 888 3157 obligationum
914 3077 1264 3159 internetionalium,
1284 3082 1428 3141 rectam

313 3200 383 3263 que
401 3181 671 3246 observantiam
697 3183 845 3264 jurium,
875 3201 969 3265 quae
1000 3185 1090 3266 ipsis
1121 3188 1334 3267 competunt
1347 3189 1429 3245 tam·
1500 3247 1501 3256 χ

314 3307 421 3372 quam
440 3289 601 3352 membra
614 3307 678 3353 seu
695 3295 818 3371 partes
844 3293 1107 3356 constituentes
1124 3293 1313 3357 societatis
1330 3293 1428 3355 inter-

313 3397 521 3476 netionalis3
542 3396 635 3460 unde
650 3414 799 3460 necesse
829 3403 884 3462 est
911 3399 1067 3481 primum
1098 3399 1267 3464 tradatur
1286 3399 1381 3463 notio
1396 3395 1429 3456 et

314 3501 701 3582 classidcatiojurium.

402 3607 457 3670 37.
504 3607 526 3671 J
530 3625 593 3670 ura
608 3605 773 3672 Statuum
791 3615 1059 3692 nuncupantur:
1078 3611 1281 3676 essentialia
1294 3609 1428 3676 attribu·

315 3719 352 3776 ta
368 3733 426 3776 seu
444 3714 617 3796 lepitimae
631 3715 817 3798 facultates
846 3735 931 3798 quae
949 3719 983 3781 oi
1000 3717 1084 3802 lepis
1102 3719 1291 3798 naturalis,
1311 3717 1361 3782 cei
1371 3731 1429 3798 po·

313 3818 448 3896 silicae,
467 3819 519 3882 oel
543 3819 891 3903 utriusqueStatibns
924 3829 1118 3906 competunt
1151 3823 1199 3888 ad
1230 3821 1364 3906 aliquid
1376 3817 1429 3904 sa·

314 3923 483 4004 ciendam,
498 3925 722 3990 omittendum
738 3933 799 3989 ant
810 3929 1080 4008 praestandum.
1499 3943 1500 3960 ¹

404 4026 568 4110 Quinque
585 4047 673 4095 vero
690 4034 889 4113 praecipua
899 4034 985 4114 jura
998 4039 1261 4101 enumerantur
1278 4032 1424 4101 Statibus

306 4129 567 4214 adscribenda,
587 4153 680 4218 quas
694 4139 879 4218 singulare
897 4139 1053 4205 studium
1077 4141 1316 4225 sedulamque
1329 4151 1424 4218 expo·

316 4235 483 4302 sitionem
511 4247 706 4325 merentur,
722 4244 906 4310 videlicet:
921 4247 981 4328 Jus
998 4249 1217 4334 existentiae,
1230 4251 1291 4332 jus
1308 4259 1425 4314 censer·
