3028 4992
553 409 732 468 -341-

98 547 182 630 dnm,
197 547 378 628 videlicet,
399 549 593 632 pluralitas
612 553 798 617 nationum
825 551 1053 636 (Nationale),
1073 554 1204 618 relatio

96 669 150 716 seu
166 655 440 719 communicatio
458 658 666 722 earumdem
696 661 818 739 (Inter)
848 665 885 722 et
910 659 1091 724 elementa
1120 679 1203 726 con·

95 759 249 825 stitutiva
263 763 378 826 omnis
392 763 484 844 juris
507 765 612 844 (hiat
633 783 701 847 age
712 767 787 846 jam
803 766 939 848 triplex
957 767 1107 830 laudata
1121 785 1203 831 con·

94 863 171 928 ditio
201 868 236 930 in
268 867 357 932 Jure
386 868 665 936 Internationali
696 872 843 936 Publico
877 872 1097 936 adamussim
1140 873 1203 935 irn-

96 971 213 1050 piatur.

171 1079 284 1142 Adest
302 1079 456 1160 primum
475 1080 664 1160 pluralitas
699 1083 898 1164 nationum,
931 1085 980 1147 uti
1014 1084 1204 1147 evidenter

93 1189 195 1263 patet,
210 1193 283 1248 tum
303 1208 324 1249 a
338 1189 525 1269 posteriori
539 1205 585 1250 ex
610 1189 796 1252 levissima
813 1191 1039 1270 inspectione
1058 1190 1202 1271 cujusli-

92 1287 145 1349 bet
160 1289 310 1354 chartae
327 1293 609 1373 geographicae,
631 1295 690 1357 ubi
707 1294 913 1358 delineatae
933 1306 1113 1378 apparent
1126 1296 1203 1376 plu-

92 1391 194 1457 rimae
212 1395 480 1460 adsociationes
498 1399 784 1479 independentes
812 1419 876 1464 seu
895 1401 1056 1465 distincti
1082 1401 1203 1465 Status

93 1498 233 1582 politici,
254 1511 327 1565 tum
347 1523 368 1566 α
379 1505 510 1586 priori3
541 1505 673 1568 etenim
692 1509 785 1570 ratio
802 1509 882 1588 ipsa
913 1509 1043 1588 cuique
1074 1507 1204 1570 suadet

91 1606 362 1672 exdiversitate
389 1609 549 1691 originis,
569 1612 728 1693 linguae,
761 1631 858 1694 usus,
894 1611 1066 1676 historiae
1094 1619 1204 1694 atque

94 1711 287 1778 traditionis
309 1731 460 1795 surgere
477 1733 520 1778 ac
537 1717 723 1780 efformari
742 1718 909 1782 debuisse
928 1721 1051 1781 varias
1075 1723 1203 1799 gentes

91 1832 147 1880 seu
163 1818 339 1884 humanas
370 1825 667 1904 aggrupationes,
688 1843 781 1906 quae
811 1827 1098 1906 organizatione‚
1118 1825 1203 1907 legi·

93 1922 160 2007 bus,
179 1929 398 1994 charactere
414 1935 450 1994 et
468 1931 751 2012 aspirationibus
766 1933 860 1996 inter
874 1951 913 1996 se
931 1933 1135 1996 differrent,

170 2033 301 2099 Exstat
319 2035 449 2100 deinde
482 2037 672 2117 reciproca
701 2039 861 2118 gentium
890 2039 1032 2117 relatio,
1066 2039 1203 2102 factum

91 2140 249 2218 equidem
265 2143 506 2206 certissimum
523 2149 632 2224 atque
646 2143 1075 2225 ineluctabile,principio
1090 2145 1203 2206 socia·

93 2241 381 2330 litatisinnixum3
400 2248 521 2314 Status
539 2251 647 2332 enim,
666 2251 760 2315 sicut
783 2251 901 2332 homo,
928 2251 1048 2312 linitus
1066 2259 1133 2330 est,
1164 2251 1203 2312 li-

94 2350 226 2418 mitibus
253 2355 411 2439 undique
444 2358 751 2438 circumscriptus,
779 2357 933 2439 ideoque
951 2355 1141 2438 praesidiis
1168 2361 1204 2418 et

92 2463 412 2526 communicatione
430 2464 569 2546 indiget
587 2471 659 2528 tam
688 2465 724 2527 in
757 2464 882 2528 ordine
917 2464 1066 2546 physico
1096 2462 1205 2543 (unde

93 2571 301 2640 permutatio
335 2587 455 2634 rerum
484 2589 548 2634 seu
566 2573 848 2651 commercium),
868 2589 976 2652 quam
1008 2571 1045 2634 in
1078 2569 1204 2633 ordine

93 2676 211 2738 morali
226 2676 337 2756 (unde
350 2677 569 2758 permutatio
584 2678 746 2741 idearum
763 2683 798 2742 et
815 2677 1088 2760 sensationurn):
1105 2678 1204 2740 exin-

91 2773 130 2838 de
148 2787 264 2846 ortum
283 2783 383 2847 ducit
401 2784 560 2847 societas
576 2785 881 2865 internetionalis,
901 2784 945 2847 de
962 2784 1064 2864 cnjus
1082 2784 1206 2846 lutura

92 2890 354 2971 constitutione,
372 2891 438 2952 sub
456 2890 659 2953 nominibus
687 2891 900 2973 reipublicae
926 2892 1203 2967 natioaamma·

91 3005 167 3068 qaae
192 2996 356 3076 civitatic,
370 2997 627 3060 communitatis
655 2997 827 3079 juridictio
840 2997 1060 3080 populorum,
1086 2994 1205 3058 Slater

90 3092 235 3181 lamani,
255 3101 411 3182 aliisque
429 3101 647 3183 hujusmodi,
682 3101 872 3182 Bentham,
906 3100 1080 3180 Savigny,
1105 3100 1203 3162 Lori-

93 3214 159 3266 mer
178 3207 226 3288 (1)
246 3213 282 3270 et
299 3207 396 3271 haud
414 3209 520 3288 pauci
535 3207 691 3288 juristae
709 3207 844 3289 passim
861 3207 1069 3288 loquuntur.

170 3311 401 3377 Concurrunt
418 3313 565 3378 tandem
582 3315 654 3377 tria
671 3315 852 3378 elementa
882 3310 1091 3375 essentialia
1108 3309 1205 3372 omni

88 3411 153 3490 juri
183 3421 365 3500 nimirum,
397 3421 612 3502 subjectum,
632 3422 815 3501 objectum
832 3427 868 3482 et
888 3418 1017 3482 relatio
1047 3417 1206 3498 juridica

92 3533 146 3585 teu
163 3543 274 3590 cansa
291 3525 466 3590 efficiens:
501 3527 716 3606 subjectum,
736 3532 810 3590 tum
827 3527 989 3605 activam,
1019 3541 1100 3587 enm
1129 3521 1204 3586 Sta-

93 3629 142 3690 tus
157 3633 304 3714 exigere
318 3637 382 3696 aut
400 3631 604 3696 reclamare
622 3639 753 3714 potest,
774 3637 845 3695 tum
859 3632 1051 3715 passivam,
1080 3630 1110 3693 si
1127 3628 1204 3693 Sta-

92 3737 141 3796 tus
157 3738 280 3803 faeere
294 3745 357 3802 aut
375 3744 566 3820 praestare
584 3744 740 3818 tenetur;
771 3739 965 3819 objectum,
994 3737 1073 3800 sive
1090 3739 1204 3800 imma·

90 3838 213 3911 dicta-m
231 3845 348 3912 veluti
362 3845 615 3927 nationalitas,
634 3846 869 3926 territorium,
894 3844 1100 3926 proprietas
1117 3847 1204 3923 ete,

92 4010 294 4042 5-—

152 4157 188 4218 (il
229 4154 386 4223 Principioa
413 4153 445 4208 de
471 4153 590 4208 Derecto
603 4152 811 4218 iateraacioaal,
835 4151 990 4208 traducidoc
1013 4151 1164 4222 cisraacis
1187 4169 1207 4222 g

90 4223 322 4363 fficcltgggspar
343 4228 380 4281 lt.
396 4223 464 4294 Nya
480 4225 600 4278 Versidn
626 4227 780 4278 castellana
805 4225 841 4276 de
862 4225 955 4292 Lopez
981 4225 1123 4280 Ooterilla.
1150 4225 1209 4278 lla.
