3038 4994
783 397 820 410 -
843 365 961 428 urt-

313 545 386 612 qua
408 526 643 594 Innocentius
657 527 830 610 explicite
855 529 1078 610 protestatur
1102 539 1143 588 se
1170 540 1244 588 nen
1264 519 1445 604 judicare

313 653 460 700 cerream
478 635 544 699 sub
563 641 732 717 respectu
745 632 950 716 temporali,
965 631 1030 697 sed
1043 637 1180 696 tantum
1195 629 1336 694 ratione
1350 641 1447 709 pec-

313 743 386 806 cati
414 741 595 822 nimirum,
614 741 716 823 pacis
731 741 878 821 juratae
895 756 939 803 ac
956 739 1129 802 violatae:
1160 737 1240 802 Non
1263 735 1355 800 enim
1386 733 1444 798 in·

314 849 497 928 tendimus,
513 848 566 912 ait
581 846 764 928 Pontifex,
770 848 936 933 judica-re
950 847 991 911 de
1001 847 1119 932 sendo,
1138 845 1237 930 cujus
1260 842 1448 926 adipsum

314 957 466 1036 (regern)
484 961 616 1038 spectat
624 953 844 1040 judicium...
863 954 924 1018 sed
941 953 1122 1018 decernere
1146 951 1187 1016 de
1206 955 1363 1035 peccato,
1382 967 1445 1011 cu·

304 1064 370 1148 jeu
383 1061 429 1125 od
443 1081 504 1126 noe
511 1061 664 1144 pertinet
677 1061 750 1124 eine
764 1059 976 1124 dubitatione
990 1078 1145 1137 censura,
1160 1077 1262 1141 qnam
1274 1055 1312 1119 in
1323 1073 1445 1138 quem·

312 1167 395 1231 libet
411 1185 568 1230 ecercere
581 1185 766 1250 possumne
783 1173 814 1230 et
831 1165 989 1231 debemus
1005 1166 1064 1247 (1).
1081 1163 1137 1228 De
1150 1164 1234 1244 jure
1251 1177 1341 1224 vero
1361 1159 1444 1222 feu·

314 1271 400 1352 dali,
416 1271 485 1334 hoc
512 1277 579 1350 est,
600 1271 644 1335 de
663 1275 845 1352 potestate
877 1270 1081 1336 Innocentii
1098 1269 1151 1333 III
1170 1269 1206 1332 ln
1237 1265 1446 1332 Henricum

313 1379 348 1444 ll
366 1377 523 1460 Angliae
536 1383 662 1459 utpote
679 1375 836 1442 Sanctae
849 1377 952 1442 Sedis
966 1377 1210 1454 tributarium,
1225 1373 1327 1439 nulla
1339 1389 1446 1436 men·

316 1487 366 1550 tio
384 1485 424 1548 fit
440 1503 461 1548 a
479 1483 666 1566 Pontifice,
686 1485 772 1566 quin
791 1485 901 1548 etlam
934 1489 1062 1566 aperte
1079 1482 1246 1548 declaret
1262 1479 1446 1562 cognitio·

313 1609 396 1656 nem
414 1607 558 1670 causare,
571 1607 701 1672 nempe
719 1590 844 1654 videre
863 1595 973 1673 atque
997 1589 1166 1673 judicare
1182 1588 1226 1652 de
1243 1585 1354 1651 teudo
1388 1583 1446 1648 Pi·

314 1697 505 1778 ctaviensi,
538 1697 638 1760 cirea
670 1696 765 1778 qnod
792 1696 865 1760 litis
899 1696 1129 1776 versabatur,
1160 1693 1207 1758 ad
1231 1691 1448 1773 Philippum

315 1803 450 1885 Regem
465 1799 611 1866 Galliae
629 1807 799 1884 spectare
817 1803 919 1867 velut
936 1802 1129 1867 Dominum
1141 1799 1336 1866 feudalem.

402 1907 439 1974 Si
457 1907 501 1972 de
520 1907 708 1973 Bonitecio
725 1907 812 1973 VIII
829 1926 948 1974 sermo
966 1911 1024 1991 sit,
1043 1909 1164 1973 nullus
1194 1907 1297 1970 locus
1326 1903 1445 1968 ambi-

314 2015 423 2098 gendi
439 2015 667 2098 relinquitur,
687 2015 864 2098 siquidem
881 2033 1056 2098 expresse
1074 2015 1181 2080 docet
1197 2031 1244 2077 ex
1273 2011 1341 2076 Dei
1380 2027 1444 2074 vo·

314 2121 455 2185 luntate
491 2125 710 2203 potestatem
742 2123 995 2204 temporalem,
1025 2121 1166 2204 quoties
1199 2119 1235 2183 in
1268 2133 1445 2183 erronem

313 2227 473 2308 labatur,
489 2245 511 2290 a
524 2226 705 2308 spirituali
714 2227 873 2307 judicari
882 2231 919 2291 et
931 2227 1067 2308 corripi
1083 2226 1230 2306 debere3
1245 2231 1359 2306 atque
1374 2241 1442 2305 pro

314 2332 384 2396 hac
402 2333 528 2397 divina
546 2331 783 2413 dispositione
800 2332 1090 2397 constabiliendo
1124 2331 1236 2396 affert
1251 2337 1444 2412 tamquam
1514 2391 1515 2414 ἶ

314 2439 496 2503 rationem
513 2438 748 2502 intrinsecam
766 2439 943 2520 originem
960 2440 1076 2502 omnis
1093 2437 1286 2520 potestatis
1305 2453 1328 2499 a
1344 2435 1441 2515 Deo,
1514 2419 1515 2450 ²

315 2551 352 2608 et
369 2551 508 2610 rectam
527 2549 749 2627 potestatum
767 2544 1032 2610 ordinationem
1050 2563 1072 2608 a
1089 2543 1265 2628 Supremo
1283 2542 1444 2607 Domino

318 2669 362 2714 ae
377 2650 606 2732 Legialatere
624 2650 802 2714 intentam
816 2656 927 2733 atque
958 2651 1238 2733 praescriptam.
1257 2649 1304 2714 Et
1337 2665 1443 2726 sane,

318 2763 463 2838 oportet
476 2773 569 2837 quae
587 2773 609 2818 a
626 2756 704 2820 Deo
722 2762 806 2819 eunt
821 2761 1038 2838 potestates,
1058 2756 1246 2820 ordinatas
1265 2771 1361 2836 esse;
1380 2753 1445 2819 sed
1513 2815 1514 2824 ,

317 2879 390 2926 non
404 2867 526 2925 essent
543 2860 745 2942 ordinatae,
764 2862 835 2926 nisi
852 2879 925 2927 una
942 2863 1074 2928 saltem
1102 2863 1282 2928 indirecte
1312 2861 1444 2926 subde·
1513 2899 1514 2926 2

315 2972 417 3032 retur
435 2965 553 3046 alteri,
574 2971 610 3029 et
626 2967 679 3030 sic
695 2967 871 3032 interiora
888 2968 934 3032 ad
966 2986 1138 3051 suprema
1160 2967 1441 3033 reducerentur.

404 3070 571 3135 Potestas
584 3069 1056 3156 indirectaEcclesiaejure
1080 3073 1204 3139 divino
1223 3077 1438 3155 competens

315 3177 353 3241 in
370 3195 429 3242 res
446 3177 667 3258 temporales
684 3183 721 3240 et
744 3177 843 3258 ipsae
861 3179 998 3262 Regum
1015 3197 1194 3262 personas
1211 3197 1234 3244 a
1250 3177 1441 3244 Clemente

314 3287 347 3350 V
361 3285 477 3349 denno
491 3284 718 3366 proclamata
735 3293 772 3347 et
786 3286 929 3349 sancita
945 3286 1026 3367 suit,
1042 3287 1155 3369 quiin
1171 3283 1441 3351 Constitutione
1512 3269 1513 3312 ³

316 3394 456 3473 utterur't,
476 3391 522 3454 ad
540 3390 738 3454 tollendum
755 3408 899 3456 sensum
918 3393 1160 3475 aequivocum
1177 3391 1308 3457 Bullae
1330 3393 1442 3458 Unam

315 3505 471 3562 sanctum
488 3497 661 3561 tributum
680 3497 724 3561 ob
741 3497 875 3560 falsam
902 3505 1012 3580 atque
1030 3497 1196 3563 dolosam
1220 3498 1442 3582 interpreta-

315 3605 451 3666 tionem
464 3601 699 3684 quorumdam
714 3603 806 3684 juris
825 3605 944 3668 civilis
963 3607 1177 3688 peritorum,
1197 3607 1442 3670 asserentium
1511 3673 1512 3694 χ

316 3707 542 3771 sonnacium
574 3709 660 3772 VIII
677 3727 742 3772 aua
770 3709 1010 3776 celeberrima
1027 3709 1295 3778 Constitutione
1326 3714 1441 3776 inten-

316 3811 412 3876 disee
429 3829 579 3894 regnum
596 3811 819 3878 Francorum
848 3815 1057 3898 dependens
1074 3837 1096 3882 a
1114 3817 1252 3883 Sancta
1276 3816 1371 3883 Sede
1388 3816 1441 3880 ta·

317 3933 400 3981 cere
417 3917 573 3998 quodam
590 3917 705 3999 gradu
718 3919 943 3986 feudalitatie
962 3941 1027 3988 seu
1041 3923 1146 3988 titulo
1163 3923 1338 4007 specialis
1355 3923 1441 3987 flde-

1494 4789 1509 4962 l

387 4215 425 4280 (1)
462 4211 531 4281 Cap.
546 4211 684 4269 Novititte
694 4218 753 4284 jem
764 4217 894 4272 citatum.
