3062 4994
549 385 730 446 -161-

459 675 723 744 ARTIOULUS
746 678 812 746 III.

518 871 765 941 summamus.

95 1049 130 1102 tt.
146 1047 196 1102 lus
206 1049 350 1104 Ecclesiae
362 1048 521 1118 acquirendi
532 1054 563 1104 et
570 1050 728 1118 possidendi
749 1051 825 1106 bona
836 1051 1094 1118 temporalia-48.
1114 1051 1203 1119 Arqu-

154 1119 531 1188 mentumjmidicum.-94.
551 1121 684 1176 Probatio
696 1121 913 1176 historica—95.
933 1122 979 1175 Aa
1005 1121 1143 1191 Princeps
1156 1123 1203 1178 vel

154 1195 277 1258 potestas
290 1193 445 1246 saecularia
457 1191 557 1246 limites
569 1209 676 1261 ponere
699 1199 785 1262 queat
798 1193 1035 1261 acquisitionibus
1060 1193 1203 1248 Ecclesiae

154 1265 228 1315 -90,
249 1263 489 1320 Dosamcrtiaatic.
501 1263 570 1318 -9ῖ,
596 1263 834 1320 Desamortiaatio
854 1263 1034 1320 acuon-as.
1054 1263 1204 1320 Desamor·

153 1333 378 1402 tintiopaeaica.

168 1493 221 1558 92.
273 1493 441 1561 Potestas
454 1495 642 1561 Ecclesiae
657 1496 768 1580 plena
785 1501 823 1561 et
837 1496 1086 1580 independens
1105 1498 1203 1563 bona

93 1615 162 1664 cum
174 1601 322 1666 mobilia
334 1606 410 1666 tum
421 1602 621 1668 immobilia
637 1602 849 1686 acquirendi
863 1621 906 1668 ac
922 1602 1130 1686 possidendi
1144 1621 1202 1669 res

92 1705 189 1786 plane
204 1714 395 1790 comperta
411 1713 448 1774 et
470 1725 620 1791 prorsus
644 1707 794 1774 indubia
822 1713 890 1790 est,
921 1714 1045 1792 utpote
1053 1713 1139 1798 Jare
1167 1715 1204 1776 et

89 1812 172 1895 facto
189 1813 432 1879 invictissime
449 1815 699 1896 comprobata.

168 1918 213 1984 Et
229 1919 375 2003 quidem
400 1921 460 2002 jus
487 1921 642 1986 liberum
666 1924 776 2004 atque
804 1921 986 2004 integrum
1013 1921 1204 1988 Ecclesiae

93 2031 292 2108 competens
313 2026 361 2090 ad
377 2027 633 2110 acquirendas,
661 2027 871 2092 retinendas
897 2032 934 2093 et
961 2027 1202 2094 usufruendas

93 2149 330 2216 qaaecumque
343 2151 403 2198 res
422 2135 655 2218 temporales,
674 2136 753 2200 sivo
771 2135 934 2220 stabiles,
953 2135 1032 2200 sive
1056 2136 1203 2217 frugife-

92 2255 142 2303 ras
159 2241 392 2308 manifestum
409 2241 449 2306 fit
466 2241 602 2322 duplici
618 2247 914 2324 argumentorum
933 2259 1080 2324 genere,
1108 2259 1204 2308 nem·
1257 2329 1261 2336 ἱ

92 2361 140 2427 pe,
153 2347 430 2429 probationibus
443 2365 489 2412 ex
502 2348 602 2412 fonte
615 2353 689 2412 tum
701 2349 865 2433 famelico,
878 2352 956 2414 tum
968 2349 1131 2414 historico
1145 2348 1203 2413 de-

92 2451 221 2520 rivalis.

166 2559 221 2625 93.
272 2558 319 2624 Et
335 2558 454 2646 adjus
480 2559 576 2642 quod
593 2559 737 2641 attinet,
766 2559 933 2626 Ecclesia
949 2560 1047 2624 bona
1068 2564 1203 2644 tempo·

91 2667 171 2730 ralia
187 2671 225 2732 et
243 2667 462 2748 praesertim
477 2666 631 2749 praedia
647 2683 777 2750 resque
790 2667 992 2732 immobiles
1011 2669 1205 2752 acquirere

91 2775 120 2834 ot
139 2772 327 2856 possidere
354 2777 475 2855 potest
498 2773 634 2856 triplici
659 2773 742 2855 jure
769 2774 908 2859 fulcita,
938 2774 1108 2840 nimirum
1121 2777 1205 2857 jnre

92 2881 251 2961 naturali,
264 2880 348 2962 jure
365 2879 678 2962 divino-positivo,
697 2885 807 2962 atque
821 2880 904 2961 jnre
921 2879 1034 2946 civili.
1246 2953 1248 2956 ,

167 2985 219 3052 1.⁰
267 2985 354 3052 Jarc
370 2988 541 3068 saturata
560 2985 588 3070 ⁵)
605 2987 738 3052 etenim
767 2987 933 3052 Ecclesia
957 3005 1004 3052 ex
1020 2987 1076 3052 sui
1097 2988 1205 3072 speci·

89 3093 249 3176 ficatioac,
263 3093 359 3158 sicut
371 3097 543 3158 caeterae
553 3092 822 3158 adsociationes
835 3094 1073 3176 imperfectae
1088 3093 1206 3158 eidem

91 3195 343 3284 homogenaea,
362 3204 417 3264 est
441 3200 601 3266 societas
627 3199 824 3282 hominum,
843 3201 901 3265 cui
924 3204 1009 3265 sunt
1025 3217 1137 3264 onera
1154 3201 1205 3264 le·

92 3306 194 3372 reuda
217 3312 257 3371 et
286 3311 450 3388 sumptus
480 3306 653 3387 iaciendi3
686 3307 750 3372 sed
777 3306 936 3372 humana
961 3306 1117 3371 societas
1146 3307 1206 3387 Jus

91 3408 189 3478 habet
202 3412 252 3478 ad
268 3412 366 3478 bona
383 3416 421 3477 et
433 3412 595 3478 redditus
610 3414 844 3496 temporales,
859 3415 936 3477 sino
950 3411 1079 3496 quibus
1092 3429 1206 3476 onera

91 3519 253 3585 auafineri
277 3524 315 3583 et
339 3524 503 3602 sumptus
520 3519 597 3584 fleri
613 3523 811 3602 nequeunt;
840 3537 927 3602 ergo
945 3517 1111 3584 Ecclesia
1123 3519 1207 3602 jure

92 3625 194 3704 pollet
208 3627 311 3692 bona
327 3625 545 3709 temporalia
579 3627 750 3708 legitimis
782 3626 910 3691 mediis
938 3627 1163 3709 acquirendi.
1179 3625 1206 3707 b)

92 3726 248 3798 Ecclesia
266 3733 416 3814 insuper
444 3749 491 3797 ex
518 3749 586 3796 sua
603 3734 743 3798 ictor-cc
774 3735 1014 3798 constitutione
1029 3733 1207 3798 facultate

92 3841 216 3917 gaudet
232 3839 443 3924 possidendi
460 3858 533 3905 non
549 3840 655 3904 modo
673 3840 770 3904 bona
787 3841 1017 3922 temporalia,
1033 3856 1127 3922 quae
1144 3839 1206 3902 im·

93 3946 238 4012 mediate
272 3946 484 4012 deserviunt
500 3947 676 4011 exercitio
693 3946 812 4011 cultus
840 3951 878 4010 et
906 3947 1006 4010 vitae
1024 3944 1209 4028 spirituali

93 4052 250 4137 alendae,
270 4071 398 4120 verum
416 4055 525 4118 etiam
539 4053 701 4118 redditus
719 4053 959 4134 necessarios,
975 4051 1036 4135 qui
1050 4051 1209 4117 mediate

94 4157 124 4222 in
139 4159 244 4225 finem
261 4178 364 4224 suum
385 4159 619 4224 obtinendum
637 4161 842 4241 conferunt;
862 4159 948 4242 quia
965 4157 1125 4223 societas
1149 4159 1208 4222 be·

93 4267 312 4332 coordinata
332 4267 392 4348 Jua
408 4267 519 4332 habet
536 4265 747 4350 possidendi
772 4265 891 4331 media
907 4263 1039 4330 idonea
1066 4269 1103 4329 et
1130 4269 1210 4328 tuta

1103 4386 1136 4439 11
