3062 4994
773 363 810 378 -
833 333 895 418 mr
913 365 951 379 -

302 485 405 558 vero,
420 475 471 541 uti
488 473 525 541 in
540 475 690 542 Actibus
707 475 964 560 Apostolorum
979 477 1125 560 legitur,
1142 479 1275 542 scimus
1298 477 1424 561 hujus·
1527 445 1528 466 Χ

302 581 398 648 modi
413 582 662 648 sanctissimos
679 581 792 666 viros,
811 599 856 648 ne
874 585 1133 666 procuratione
1148 601 1269 648 rerum
1285 589 1426 668 tempo·
1527 595 1528 648 ἲ

302 689 433 754 nulium
450 689 685 754 aministerio
702 689 807 755 verbi
824 688 1085 774 Ecclesieeque
1097 691 1274 772 regimine
1292 691 1427 756 distra-
1527 697 1528 772 ξ

301 794 487 878 herentur,
506 813 578 860 non
596 795 708 860 laicos
726 795 790 860 sed
806 801 946 879 septem
963 795 1146 862 Diaconos
1175 797 1424 878 constituisse,
1527 789 1528 862 3

303 905 341 966 ut
357 919 468 965 curse
484 901 693 966 eorumdem
709 919 843 985 rerum,
861 907 1059 987 rectaeque
1092 903 1336 969 distributioni
1367 919 1427 968 se·
1527 907 1528 996 l

302 1007 386 1074 dulo
403 1008 667 1074 incumberent.

394 1115 567 1180 Traditio.
615 1113 783 1180 ltcclesis
806 1113 949 1180 demum
980 1115 1137 1198 vestigia
1167 1115 1427 1198 Apostolorum
1527 1151 1528 1214 ;

302 1221 428 1287 stricte
447 1239 492 1286 nc
515 1222 687 1304 religiose
714 1239 883 1304 premens
916 1221 986 1286 sibi
1016 1228 1194 1304 perpetuo
1219 1223 1429 1289 vindicavit
1527 1243 1528 1278 2

302 1333 487 1411 tamquam
519 1330 705 1412 proprium
724 1336 760 1393 et
789 1329 936 1412 plenum
971 1329 1032 1411 jus
1067 1329 1244 1394 bonorum
1276 1348 1430 1395 suornm

303 1433 654 1502 administrationem
667 1441 777 1517 etque
805 1435 1127 1517 dispensationem
1146 1439 1183 1500 et
1214 1453 1254 1501 re
1278 1437 1428 1519 quidem

302 1557 406 1623 vere,
425 1539 539 1606 Sacra
554 1540 731 1624 Concilio,
748 1539 956 1623 Summique
970 1540 1163 1606 Pontifices
1180 1543 1310 1626 quavis
1324 1547 1428 1606 aeta·
1527 1543 1528 1612 l

303 1655 352 1729 te,
368 1651 476 1729 gente
493 1665 538 1713 uc
553 1648 703 1730 regione
720 1647 809 1713 nihil
826 1647 987 1712 sanctius
1004 1653 1042 1712 et
1058 1649 1243 1731 antiquius
1260 1635 1430 1714 autumn·

303 1760 400 1834 runt,
415 1771 523 1836 quom
541 1759 580 1818 ut
594 1773 722 1820 munus
739 1755 916 1820 laicorum
930 1753 976 1818 sb
989 1753 1238 1820 ecclesiastico
1252 1757 1431 1840 patrimo·

304 1860 364 1924 nio
382 1861 526 1926 omnino
543 1867 788 1928 removerent.
1527 1861 1528 1868 ’

393 1964 482 2031 Cum
498 1973 620 2032 sutem
641 1973 745 2032 tonte
761 1971 1073 2034 monumentorum
1091 1967 1198 2050 copie
1215 1969 1429 2052 obruamur,

303 2073 392 2137 sutis
409 2073 479 2138 erit
495 2075 532 2138 in
548 2073 881 2139 corroborationem
907 2075 1293 2140 nestrueassertionis
1325 2075 1430 2140 lucu·
1527 2065 1528 2158 j

303 2179 439 2245 lentum
469 2179 621 2246 Concilii
648 2180 907 2245 Letersnensis
938 2179 955 2244 I
992 2181 1237 2246 testimonium
1273 2181 1429 2247 afferre:

306 2285 582 2370 “Apostolorum
599 2285 806 2352 Oanouibus
822 2293 997 2352 statutum
1025 2293 1093 2370 est,
1112 2294 1151 2352 ut
1185 2288 1341 2352 omnium
1366 2305 1433 2353 ne·
1527 2365 1528 2376 χ

304 2395 484 2476 getiorum
497 2393 828 2459 ecclesiasticorum
846 2411 970 2458 curem
988 2393 1191 2477 Episcopus
1223 2393 1370 2476 babeat,
1391 2403 1434 2460 et

305 2517 350 2565 eu
362 2500 477 2565 veluti
489 2499 567 2566 Deo
585 2500 871 2582 contemplante,
890 2497 1088 2582 dispenset.
1109 2499 1202 2565 Item
1233 2501 1270 2564 in
1301 2501 1433 2566 Antio·

305 2605 420 2671 ebeno
438 2605 599 2672 Concilio
613 2611 788 2672 statutum
806 2615 873 2687 est,
893 2613 931 2670 ut
948 2615 1143 2689 quaesunt
1171 2607 1434 2674 nectentes...
1527 2655 1528 2686 ,

306 2719 581 2796 conserventur,
601 2731 695 2797 quse
712 2721 749 2778 et
762 2713 1007 2797 dispensando
1023 2720 1107 2778 sunt
1120 2714 1257 2796 judicio
1275 2719 1312 2778 et
1326 2721 1434 2796 pote·
1527 2701 1528 2762 l

305 2823 401 2882 stete
417 2817 615 2900 Pontificis,
630 2821 688 2885 cui
706 2819 917 2884 commissus
935 2827 991 2884 est
1004 2819 1162 2903 Populus
1180 2825 1216 2884 et
1239 2821 1433 2886 animae...

305 2925 398 2990 Item
415 2923 620 3007 Stephanus
638 2934 777 3008 martyr
791 2926 920 2990 scribit
933 2925 1062 3009 (Epist.
1077 2925 1125 3008 II,
1141 2943 1222 3008 cup.
1240 2927 1295 3007 10)
1308 2927 1433 3011 laicis,
1527 2919 1528 3002 ]

305 3033 473 3114 quemvis
491 3033 653 3116 religiosi
671 3034 753 3115 sint,
772 3033 881 3098 nullis
899 3037 1021 3098 tumen
1040 3033 1084 3098 de
1102 3034 1362 3099 ecclesiasticis
1376 3037 1434 3100 fa·
1527 3053 1528 3130 l

306 3138 502 3205 cultatibus
518 3140 656 3224 aliquid
669 3139 886 3222 disponendi
913 3140 1046 3222 legitur
1064 3157 1221 3222 unquam
1250 3141 1436 3208 attribute
1527 3131 1528 3136 ’

305 3245 478 3329 facultas,
497 3263 615 3329 neque
633 3245 805 3329 deinceps
823 3247 901 3311 fleri
918 3247 1180 3333 permittimus,
1199 3247 1259 3332 (1).
1419 3325 1423 3334 Ι
1527 3239 1528 3328 ζ

325 3427 331 3442 .
396 3352 472 3418 107.
521 3351 837 3438 Oircspersonem
855 3355 917 3419 vel
943 3373 1118 3437 personas
1143 3355 1332 3438 juridicam,
1352 3358 1435 3439 qui·
1527 3341 1528 3434 J

305 3457 371 3522 bus
400 3459 596 3525 dominium
624 3460 800 3526 bonorum
836 3462 1169 3528 ecclesiasticorum
1197 3463 1436 3530 tribuendum
1527 3487 1528 3498 ³

305 3565 364 3648 sit,
381 3585 454 3632 non
470 3569 575 3633 adest
603 3571 699 3634 inter
729 3570 937 3634 canonistas
970 3571 1174 3652 consensio,
1207 3569 1272 3635 sed
1300 3571 1436 3636 variae
1527 3605 1528 3670 p

306 3679 555 3739 sustententur
569 3677 759 3758 opiniones
776 3677 906 3760 majori
922 3677 984 3742 vel
1001 3679 1131 3742 minori
1146 3679 1327 3743 rationum
1341 3696 1435 3760 pon·

307 3777 393 3844 dere
406 3779 566 3864 fulcitae,
580 3799 670 3864 quos
687 3783 768 3848 heic
781 3784 989 3866 expendere
1003 3791 1126 3849 vocati
1141 3785 1231 3848 satis
1245 3801 1435 3869 superque

306 3902 373 3968 pro
390 3903 430 3952 re
445 3892 571 3952 nostre
589 3889 694 3954 nobis
707 3890 851 3955 videtur
868 3883 1026 3974 quin'que
1040 3891 1247 3974 potissimus
1260 3893 1432 3975 innuere,

307 4077 493 4094 ——--—.

379 4225 419 4296 (1)
459 4223 570 4282 collect.
583 4223 745 4296 Uermepud
758 4223 1436 4296 Hurdulnum,tom.Vl,pnrt.2.column.1895.
1527 4279 1528 4284 ,
