3028 4992
1505 239 1506 312 i

790 361 969 422 -sso-

322 507 481 590 petione,
509 505 786 588 exspoliatione,
813 501 1008 588 tyrannide
1024 503 1085 570 vel
1114 503 1185 568 alio
1211 521 1447 586 quocumque

320 615 484 680 facinore
502 613 767 697 perustionem
785 615 1062 694 praepotentem
1079 615 1116 675 et
1132 611 1291 693 iniquam
1316 617 1446 692 patra·

320 728 357 786 to
375 721 559 803 (exempla
574 719 733 784 infauste
757 721 955 801 suppetunt
971 724 1097 782 nostra
1112 717 1262 800 aetate),
1282 716 1447 798 deinque

320 829 463 911 quoties
487 844 604 892 sermo
633 829 688 889 est
715 825 759 890 de
785 823 1024 888 subversione
1052 823 1180 888 sociali
1209 841 1255 887 ex
1280 823 1447 905 politicis

321 933 655 1016 perturbationibus
673 933 733 998 vel
761 933 866 998 bellis
883 933 1063 998 intestinis
1081 938 1121 998 ut
1136 931 1331 1014 plurimum
1358 949 1444 1013 pro·
1505 991 1506 1000 ,

321 1043 431 1106 fecto.
1505 1027 1506 1090 ῗ

412 1145 457 1209 Et
484 1163 524 1209 rc
552 1145 696 1228 quidem
713 1163 815 1227 vera,
843 1163 967 1210 omnes
996 1146 1130 1228 optime
1156 1149 1289 1209 norunt
1318 1143 1446 1208 officia

322 1255 538 1338 imperfecto,
558 1253 815 1318 benevolentia
831 1271 896 1318 seu
910 1271 1034 1318 amore
1051 1251 1326 1318 internationali
1345 1268 1445 1314 mere

322 1361 463 1441 fulcita,
480 1377 547 1424 neo
571 1361 668 1442 exigi
685 1379 802 1444 neque
828 1361 972 1444 impleri
999 1375 1107 1443 posse
1124 1359 1248 1424 invitis
1265 1357 1443 1440 Statibus,

322 1468 534 1550 inquorum
565 1468 774 1550 obsequium
804 1475 1033 1551 exercentur,
1053 1487 1100 1534 ex
1128 1485 1198 1551 quo
1226 1473 1329 1532 recte
1359 1485 1441 1531 oon·

321 1581 561 1656 sequerentur
586 1573 655 1638 duo
681 1576 987 1656 perniciosissima
1005 1575 1247 1640 consectaria:
1278 1573 1307 1652 ⁸)
1326 1574 1442 1637 natio·
1505 1563 1506 1588 ¹

322 1698 386 1744 nes
405 1681 473 1744 hac
498 1682 644 1744 nefasta
671 1683 812 1764 epocha
829 1686 968 1769 epoismi
985 1684 1267 1749 internetionalis
1292 1699 1444 1764 prorsus

323 1787 560 1870 abstinerent,
581 1793 702 1871 atque,
722 1795 815 1853 teste
843 1791 1009 1854 luctuosa
1034 1793 1070 1854 et
1094 1790 1308 1872 quotidiana
1333 1805 1442 1870 expe-

323 1893 466 1973 rientia,
498 1894 683 1976 impavide
711 1900 903 1960 cernerent
940 1895 1157 1960 horrendum
1199 1913 1243 1960 ac
1275 1896 1439 1978 iniquum

322 2001 572 2082 spectaculum
600 2007 653 2064 tot
681 2003 955 2084 usurpationum
980 2008 1126 2085 tamque
1151 2003 1363 2066 immanium
1381 2002 1441 2064 ila-

323 2107 505 2188 gitiorum;
523 2105 549 2186 ¹³)
567 2109 691 2189 populi
709 2127 752 2172 ac
780 2115 907 2190 gentes
935 2115 1060 2173 nostra
1088 2109 1283 2174 recentiori
1303 2113 1438 2186 aetate,

323 2233 396 2297 qua
417 2215 523 2295 juges
547 2221 583 2278 et
610 2217 948 2281 transcendentales
965 2217 1256 2299 perturbationes
1282 2215 1440 2296 undique

324 2321 502 2402 oriuntur,
520 2339 592 2384 uon
610 2322 725 2386 solum
742 2323 788 2386 ad
816 2324 974 2387 invicem
1001 2323 1251 2387 dividerentur
1280 2329 1318 2385 et
1347 2323 1439 2386 inter

323 2445 404 2492 sese
421 2427 722 2510 dilacerarentur,
741 2447 869 2493 verum
897 2431 1006 2493 etiarn
1022 2432 1060 2493 in
1075 2428 1293 2511 profundum
1312 2429 1438 2492 ruinae

323 2551 367 2597 ac
384 2533 631 2598 dissolutionis
660 2535 829 2616 abyssum
858 2537 1002 2616 penitus
1018 2542 1178 2616 ruerent,
1198 2536 1248 2598 uti
1266 2551 1313 2598 ex
1331 2535 1437 2598 histo-

324 2640 379 2702 ria
397 2646 597 2702 coaetanea
613 2640 817 2703 luculenter
836 2645 990 2704 constat.

410 2745 465 2808 48.
515 2744 653 2824 Quarta
682 2746 837 2829 denique
865 2748 1058 2828 sententia,
1085 2763 1178 2829 quae
1203 2748 1436 2812 interventio-

324 2866 418 2930 nem,
434 2851 533 2930 justo
547 2868 659 2915 causa
677 2854 874 2918 accedente
892 2862 1001 2936 atque
1026 2853 1238 2936 quibusdam
1264 2855 1437 2920 conditio·

324 2957 428 3020 nibus
445 2959 756 3035 concurrentibus,
776 2965 961 3042 tamquam
994 2959 1151 3023 officium
1169 2961 1368 3046 juridicum
1397 2977 1438 3023 ao

317 3065 512 3151 perfectum
539 3066 735 3144 existimat,
752 3067 854 3130 nobis
873 3067 987 3148 magis
1002 3065 1139 3130 arridet
1151 3066 1375 3150 solidiorque
1391 3067 1439 3130 vi-

322 3172 428 3236 detur
445 3173 577 3254 triplici
597 3173 820 3253 potissimum
835 3174 967 3253 capite.
1060 3207 1062 3214 ,

412 3279 454 3342 In
471 3279 596 3360 primis
610 3280 715 3359 enim,
730 3285 830 3342 sarta
848 3285 1017 3361 tectaque
1034 3285 1204 3344 servatur
1220 3281 1385 3362 legitima
1401 3281 1437 3343 ii·

324 3386 447 3448 bertas
462 3392 498 3448 et
514 3403 685 3466 suprema
702 3384 864 3449 Statuum
899 3387 1196 3468 independentia3
1216 3386 1437 3468 quandoqui-

324 3491 404 3554 dem
423 3511 494 3555 non
513 3492 616 3556 adest
630 3509 697 3555 nec
715 3495 971 3573 praepotentia
996 3494 1055 3556 vel
1081 3493 1320 3575 superioritas
1338 3493 1435 3556 unius

323 3596 458 3678 Status,
475 3617 592 3680 neque
606 3599 791 3680 depressio
810 3605 871 3662 aut
888 3599 1110 3662 interioritas
1129 3599 1278 3662 alterius
1308 3599 1435 3681 gentis

324 3705 456 3767 etenim
472 3706 570 3768 natio
586 3723 690 3786 quae,
711 3706 928 3768 necessitate
942 3705 1164 3787 impellente,
1184 3705 1436 3786 obligationem

320 3811 513 3891 Juridicrtnr
528 3829 592 3875 seu
609 3812 766 3875 officium
786 3813 987 3892 perfectum
1019 3811 1296 3876 interveniendo
1329 3811 1433 3875 adim·

325 3919 412 4000 plet,
433 3938 504 3982 non
519 3919 705 3982 extollitur
717 3937 828 4000 supra
843 3919 947 3997 alias,
968 3935 1085 3999 neque
1103 3917 1294 3998 quemdam
1310 3918 1436 4000 prima·

325 4035 399 4088 tum
417 4033 480 4088 aut
497 4025 756 4106 suprematiam
791 4024 961 4104 ostendit;
995 4031 1105 4105 atque
1129 4023 1289 4087 vicissim
1320 4023 1436 4087 Status

324 4131 386 4212 qui
403 4133 707 4196 interventionem
725 4136 921 4214 acceptare
937 4135 1095 4212 tenetur,
1114 4147 1187 4194 non
1211 4131 1344 4198 emittit
1359 4146 1437 4212 pro·
1505 4179 1506 4190 ,

325 4239 442 4320 priam
473 4238 805 4320 independentiem‚
830 4237 894 4303 sed
923 4244 1063 4303 tantum
1093 4239 1283 4320 suppletur
1311 4237 1347 4301 iu
1371 4251 1433 4299 sua
