3028 4992
526 415 560 424 -
586 381 707 440 305-

67 521 283 606 Principibus
308 524 516 590 christianis
541 525 749 608 impertitae
778 525 815 589 in
841 525 967 590 ordine
991 525 1037 590 ad
1061 545 1177 592 novas

68 629 252 696 infidelium
269 631 439 712 regiones
458 633 685 714 populosque
697 632 888 714 indigenoa
905 632 1068 697 intimam
1085 635 1177 698 rela·

68 737 188 802 tionem
207 743 243 801 et
261 755 389 803 veram
405 740 669 803 connexionem
694 739 830 803 habent
847 757 929 804 cum
953 757 1125 820 suprema
1142 745 1178 803 et

67 843 299 922 gubernativa
311 843 500 909 Ecclesiae
527 845 759 922 auctoritate,
776 844 1067 927 quandoquidem
1097 863 1177 927 spe·

68 950 165 1015 ciales
182 951 439 1014 concessiones
457 956 493 1015 et
524 951 727 1033 singularia
755 951 951 1034 privilegia
977 969 1043 1034 pro
1073 969 1176 1016 occu·

68 1057 184 1136 pandis
202 1057 311 1122 terris
329 1056 374 1121 de
390 1075 486 1122 novo
505 1057 671 1138 detectis,
691 1075 887 1140 earumque
912 1059 1040 1123 incolis
1057 1060 1093 1123 in
1117 1077 1178 1125 ve-

67 1179 131 1228 ram
146 1163 257 1228 fidem
274 1181 319 1229 ac
337 1164 517 1228 culturam
534 1164 776 1246 perducendis
795 1164 863 1228 rite
880 1167 1039 1247 spectari
1052 1167 1179 1231 valent

67 1275 241 1352 tamquam
260 1271 423 1334 salutare
439 1271 654 1335 exercitium
684 1275 721 1333 et
750 1271 943 1334 utilissima
977 1273 1178 1354 applicatio

68 1378 248 1455 potestatis
264 1379 501 1444 constituentia
515 1377 622 1442 Petro
648 1377 799 1460 ejusque
831 1377 1001 1458 legitimis
1032 1377 1179 1444 Succes-

68 1483 198 1548 soribus
217 1501 331 1567 nsque
349 1483 396 1548 ad
413 1485 760 1550 consummationem
777 1484 915 1548 saeculi
932 1484 1102 1548 tributae.

143 1589 192 1654 Et
207 1607 309 1672 saue,
320 1591 359 1655 vi
372 1590 478 1672 huJus
491 1590 684 1672 potestatis
698 1589 964 1670 constituentis,
979 1597 1179 1671 perpetuae

69 1701 166 1778 atque
183 1699 414 1776 universalis,
433 1698 622 1762 Ecclesiae
636 1698 696 1778 J‘us
715 1701 769 1761 est
786 1697 946 1778 seipsam
978 1697 1075 1779 apud
1104 1697 1179 1761 infi-

70 1801 157 1868 deles
181 1805 423 1888 propagandi,
441 1805 666 1886 Romanique
700 1803 906 1884 Pontifices,
926 1801 1092 1886 Supremi
1125 1823 1179 1868 so-

71 1909 200 1974 cietatis
219 1928 240 1973 a
256 1908 401 1975 Christo
419 1909 588 1976 conditae
614 1909 854 1990 Hieremiae,
881 1910 1115 1992 ejusdemque
1143 1913 1181 1977 in

71 2017 165 2080 terris
181 2015 330 2097 Vicarii,
346 2017 523 2081 facultate
541 2016 682 2098 pollent
694 2019 768 2080 tum
785 2016 1026 2098 Evangelium
1040 2019 1180 2081 cunctis

71 2123 223 2201 gentibus
242 2123 494 2204 annuntiandi,
514 2123 601 2204 quin
619 2123 718 2204 ipsas
736 2121 782 2186 ad
807 2121 913 2186 fidem
939 2121 1180 2204 profitendam

73 2235 203 2310 cogant,
222 2235 298 2294 tum
314 2230 424 2296 etiam
438 2229 562 2295 utendi
578 2247 644 2312 pro
660 2229 920 2310 adimpletione
932 2246 1019 2293 suae
1034 2227 1180 2294 divinae

74 2335 237 2400 missionis
254 2335 455 2401 ministerio
480 2336 688 2418 Principum
719 2335 1012 2416 christianorum,
1033 2336 1093 2418 qui
1125 2354 1180 2400 sa·

74 2443 260 2507 cratissimo
293 2443 413 2507 officio
444 2447 614 2507 tenentur
643 2443 846 2508 Ecclesiam
879 2443 1030 2524 eJusque
1063 2439 1182 2525 Caput

75 2549 166 2630 tueri,
186 2550 464 2632 compescendo,
480 2549 591 2614 etiam
609 2550 647 2614 vi
675 2556 817 2612 armata
847 2547 1022 2630 adhibitaj
1057 2566 1181 2614 omnes

74 2669 197 2719 vexare
213 2660 277 2720 aut
294 2655 472 2738 impedire
490 2655 667 2720 audentes
698 2654 900 2720 catholicos
934 2655 1181 2721 missionarios

75 2765 128 2823 aut
142 2761 185 2826 ad
198 2763 305 2827 fidem
323 2779 534 2828 conversos.

150 2867 235 2932 Inde
248 2870 483 2950 consequitur
496 2870 678 2950 integrum
691 2884 771 2932 esse
786 2871 861 2931 tam
875 2865 1063 2930 Ecclesiae
1074 2886 1184 2950 quam

75 2969 218 3039 Romano
243 2974 423 3054 Pontifici,
438 2975 545 3056 juxta
557 2992 679 3039 rerum
712 2991 755 3038 ao
781 2973 970 3055 regionum
995 2972 1181 3054 adjuncta,

77 3085 169 3156 prout
184 3081 311 3145 melius
324 3080 587 3162 judicaverint,
607 3081 667 3144 uni
684 3080 824 3145 nationi
849 3079 910 3143 vel
936 3077 1093 3160 principi
1122 3097 1182 3162 po-

78 3181 137 3247 tius
152 3202 256 3267 quam
274 3186 370 3250 aliae
389 3187 450 3251 vel
467 3187 539 3251 alio
554 3187 781 3252 committere
795 3186 993 3268 Evangelii
1003 3203 1181 3270 propaga·

77 3285 195 3356 tionem
211 3299 321 3375 atque
334 3309 448 3358 verae
465 3293 652 3375 religionis
668 3293 916 3358 defensionem
942 3292 1039 3375 apud
1067 3291 1183 3356 ethni·

78 3403 276 3477 coagentes.
