3062 4994
783 361 962 422 -172-

309 508 407 573 bona
424 523 520 590 quae
535 505 678 572 inutilia
696 509 733 572 et
754 504 1023 588 improductiva
1039 507 1136 586 sunt,
1154 505 1320 588 quamvis
1338 522 1437 570 com·

310 614 460 690 morcio,
479 611 740 696 permutationi
756 617 793 675 et
817 611 1030 678 alienationi
1047 611 1206 678 obnoxia
1233 611 1318 693 sint3
1337 612 1439 676 bona
1520 611 1521 630 ³

309 723 430 784 autem
443 717 644 800 Ecclesiae,
659 717 727 782 etsi
743 717 995 785 inalienabilia
1007 721 1044 781 et
1056 723 1163 782 extra
1175 717 1439 784 commercium
1520 735 1521 738 ’

308 825 443 908 posita,
461 823 566 888 utilis
582 829 619 890 et
643 823 861 906 productiva
878 827 975 904 sunt,
990 831 1028 888 et
1043 823 1209 906 prolecto
1226 823 1308 906 plus
1325 841 1440 906 quam
1520 845 1521 910 j

309 931 383 996 alia
409 931 507 996 bona
534 930 580 994 ab
606 929 787 1013 aliquibus
804 929 909 994 laicis
926 947 1108 1012 possessa3
1129 947 1209 994 cum
1227 930 1338 1012 igitur
1355 929 1439 994 r'ed·

309 1037 405 1102 ditus
422 1035 627 1118 producant
643 1042 680 1100 et
693 1035 832 1100 fructus
849 1035 983 1116 ierant,
1004 1040 1146 1100 mortua
1171 1037 1437 1114 (amortizcdor)

310 1143 371 1208 vel
387 1141 536 1208 detenta
553 1143 782 1223 (ertancador)
801 1146 903 1206 recte
920 1147 957 1206 et
980 1141 1128 1224 proprie
1145 1141 1216 1206 dici
1234 1147 1437 1224 nequeunt.

399 1249 475 1314 100.
531 1248 648 1330 Leges
680 1249 967 1328 amortizaiionir,
1001 1265 1092 1331 quas
1124 1248 1236 1314 etiam
1268 1270 1440 1314 munnam

310 1362 526 1422 mortuarum
561 1355 741 1434 dictitant,
776 1355 1021 1419 nominantur:
1053 1353 1182 1420 Edicta
1217 1355 1439 1440 Principum,

310 1463 434 1546 quibus
445 1463 634 1548 pancration
650 1463 817 1526 statuitur
834 1481 875 1526 ne
891 1481 948 1526 rea
964 1462 1154 1528 innocuit
1170 1463 1209 1526 in
1231 1460 1440 1543 Ecclesiam,
1520 1547 1521 1554 ἶ

309 1569 449 1653 aliaque
473 1568 565 1634 Loca
575 1570 652 1654 pio,
670 1569 888 1634 siccantibus
904 1569 996 1633 inter
1012 1569 1119 1650 oinos,
1136 1569 1208 1632 aive
1224 1567 1442 1633 raccmrionc
1520 1589 1521 1638 3

311 1677 572 1742 testamentaria
588 1676 848 1761 transferuntur
864 1677 938 1740 sinc
955 1677 1085 1741 litteria
1100 1687 1438 1754 ΔΜΟΒΉΖΑΤΙΟΝΙΒ,

311 1781 350 1846 id
366 1789 425 1862 eet,
442 1783 515 1847 eina
528 1803 692 1847 consentu
709 1782 824 1848 cicilie
841 1781 1032 1866 potestatis.

401 1885 614 1970 Hujusmodi
630 1887 731 1970 leges
758 1888 796 1952 in
813 1887 1054 1970 prohibitivas
1072 1891 1108 1952 st
1124 1885 1355 1952 restrictivas
1373 1887 1439 1950 tri·
1520 1875 1521 1916 l

313 1993 373 2058 bui
390 1997 554 2076 possunt:
566 1993 801 2078 prohibitione
817 1993 986 2058 dicuntur
1014 2009 1108 2076 quae
1125 1991 1313 2058 Ecclesiae
1331 1993 1442 2058 abso·
1520 1993 1521 2086 ᾗ

312 2101 387 2165 lute
404 2103 533 2164 vetant
560 2099 760 2182 quamlibet
777 2100 951 2164 bonorum
968 2099 1205 2164 immobilium
1228 2099 1441 2182 acquisitio·

312 2223 394 2270 nem
412 2205 491 2270 sive
514 2223 581 2290 per
605 2211 831 2270 contractum
848 2209 942 2270 inter
960 2206 1078 2285 vivos,
1098 2205 1178 2272 sive
1206 2223 1272 2288 per
1288 2207 1440 2272 ultimas

312 2313 534 2394 voluntates,
547 2311 685 2396 absque
714 2311 827 2394 Regia
845 2313 1094 2394 permissione;
1123 2314 1341 2378 restrictione
1375 2331 1444 2396 ep·
1520 2319 1521 2400 i

313 2419 497 2501 pellantur
509 2435 603 2501 quae
627 2419 859 2501 praediorum
873 2419 1131 2502 acquisitiones
1145 2417 1333 2484 Ecclesiae
1348 2435 1441 2483 con·
1520 2417 1521 2444 l

312 2526 487 2606 sentiunt,
505 2525 683 2608 impositis
714 2533 836 2590 tamen
865 2525 1049 2590 nonnullis
1082 2525 1357 2608 gravaminibus
1376 2525 1443 2590 vel
1520 2509 1521 2590 ἒ

313 2630 517 2696 subauditis
533 2631 748 2715 quibusdam
776 2631 1063 2696 limitationibus.
1094 2630 1277 2714 Utresque
1292 2632 1442 2714 penitus
1520 2639 1521 2666 ³

315 2736 534 2818 rejiciendas
559 2744 685 2821 utpote
702 2737 885 2804 invalidas
902 2746 1011 2822 atque
1029 2737 1172 2822 iniquas
1200 2739 1358 2821 probare
1376 2757 1443 2822 eg·
1520 2737 1521 2740 ’

315 2842 514 2926 gredimur.
1093 2859 1097 2867 ·
1520 2827 1521 2848 ³

405 2949 480 3012 101.
528 2948 574 3014 lit
591 2950 788 3032 nequidem
809 2967 909 3026 vera,
929 2967 1002 3014 non
1019 2949 1166 3014 difficile
1183 2967 1273 3032 opus
1291 2949 1444 3017 videtur
1520 2949 1521 3020 3

313 3055 565 3121 demonstrare
582 3054 695 3137 leges,
714 3073 807 3137 quae
825 3056 891 3120 sub
918 3057 1062 3122 nomine
1077 3057 1354 3122 cirrortizationir
1372 3071 1442 3122 seu

314 3183 477 3228 munaum
493 3169 708 3228 mortuarum
726 3162 956 3243 usuveniuut,
976 3178 1057 3226 esse
1075 3162 1220 3228 omnino
1238 3161 1442 3244 reproban·
1520 3145 1521 3158 ³

314 3269 380 3334 dae
397 3273 523 3351 utpote
546 3265 735 3332 Ecclesiae
764 3269 967 3350 injuriosae,
985 3267 1175 3332 evidenter
1202 3269 1364 3355 injustae,
1381 3287 1441 3334 sa·
1520 3265 1521 3320 ἓ

316 3393 403 3440 crae
420 3375 658 3440 immunitatis
675 3375 827 3440 laesione
845 3379 880 3438 et
893 3392 1042 3457 prorsus
1058 3375 1280 3446 arbitrariae.
1520 3429 1521 3434 ,

406 3482 456 3546 1.⁰
501 3483 619 3566 Leges
636 3483 923 3548 amortizetionis
941 3499 1111 3565 magnam
1128 3482 1297 3568 injuriam
1315 3479 1443 3548 Eccle·

314 3589 391 3652 siae
408 3589 580 3670 inferunt3
600 3591 686 3654 licet
709 3590 805 3653 enim
821 3589 933 3652 verbo
960 3594 1064 3654 tenus
1093 3589 1132 3654 in
1148 3589 1324 3654 laicorum
1341 3589 1444 3654 bona
1520 3583 1521 3630 ἕ

312 3694 482 3778 edantur,
501 3713 631 3778 reapse
656 3696 839 3762 tamenin
867 3695 1122 3761 detrimentum
1151 3695 1338 3762 Ecclesiae
1356 3714 1442 3762 ver·
1520 3699 1521 3762 i

315 3804 452 3882 tuntur,
466 3801 758 3884 quandoquidem
777 3809 947 3866 vetantur
963 3803 1049 3868 laici
1063 3791 1160 3869 bona
1175 3822 1242 3870 sua
1260 3805 1295 3869 in
1313 3803 1441 3872 Eccle·

315 3907 407 3972 siam
437 3909 649 3990 transferre,
671 3927 742 3974 non
772 3911 894 3992 utique
919 3915 1069 3993 propter
1098 3911 1214 3984 laicos
1243 3912 1353 3994 ipsos,
1374 3910 1442 3976 sed
1520 3899 1521 3904 ’

315 4019 467 4096 propter
489 4015 705 4098 Ecclesiam,
724 4034 770 4080 ne
788 4017 929 4082 scilicet
956 4018 1114 4084 societas
1131 4018 1304 4101 religiosa
1329 4019 1441 4094 rebus
1520 4023 1521 4030 ’

309 4125 354 4185 et
367 4121 504 4186 divitiis
521 4127 712 4206 augeatur.
733 4121 821 4188 Cum
835 4124 958 4207 itaque
975 4124 1181 4207 hujusmodi
1196 4125 1297 4208 leges
1314 4126 1441 4192 verbis

306 4225 463 4310 ,quidem
479 4229 517 4292 in
545 4229 659 4294 laicos
688 4235 867 4313 concepta
883 4231 968 4314 sint,
987 4230 1052 4296 sed
1080 4248 1206 4298 earum
1232 4231 1384 4298 intentio
1398 4239 1442 4308 ,et
1520 4227 1521 4230 ’
