3038 4994
401 491 477 558 169.
524 489 699 574 Spectata
732 491 802 556 hac
836 491 1049 575 quaestione
1074 489 1140 554 sub
1166 492 1317 572 aspectu
1342 488 1442 570 Juris
1510 483 1511 574 ξ

310 597 447 682 publici
460 603 581 662 aetate
595 595 715 662 media
729 597 898 680 rigentis,
913 613 1055 662 necnon
1069 595 1260 661 vindicata
1273 595 1444 678 legitima
1510 577 1511 666 ἦ

309 703 535 769 Summarum
552 703 767 768 Pontificum
784 707 968 786 potestate
984 703 1101 785 Reges
1120 703 1229 766 etiam
1244 719 1365 784 poena
1379 701 1442 766 de·

308 811 500 894 positionis
512 811 697 892 plectendi
711 812 821 892 juxta
839 815 1003 875 veterem
1023 815 1059 874 et
1078 809 1312 874 essentialem
1327 807 1442 874 Euro·
1510 825 1511 832 ¹

308 935 380 1000 pae
394 917 702 997 constitutionem,
717 917 753 981 in
769 917 1059 998 praesentiarum
1075 917 1198 998 magni
1211 915 1366 980 interest
1379 915 1441 980 de·
1510 971 1511 986 ,

309 1024 507 1088 terminare
530 1024 629 1106 quali
646 1029 683 1086 et
699 1029 836 1105 quanta
853 1023 1073 1088 auctoritate
1091 1023 1127 1086 in
1144 1022 1262 1104 Reges
1295 1022 1441 1104 potian·

309 1141 369 1194 tur
385 1127 519 1194 Christi
543 1129 680 1193 Vicarii
697 1146 743 1193 ex
756 1129 839 1210 jure
857 1129 1006 1211 proprio
1034 1127 1236 1209 Ecclesiae,
1257 1145 1322 1191 seu
1341 1127 1442 1210 quod

309 1235 405 1300 idem
423 1239 491 1316 est,
510 1236 737 1318 investigare
755 1241 900 1318 oportet
917 1242 1086 1298 naturam
1114 1241 1225 1316 atque
1253 1233 1439 1298 extensio·
1510 1247 1511 1288 1

309 1339 1440 1424 nempotestatispontideiaeergaImperantes,nempe‚quae-

309 1464 394 1513 nam
408 1455 444 1512 et
456 1447 574 1530 qualis
594 1447 742 1529 existat,
761 1453 798 1512 et
811 1447 842 1510 si
859 1465 947 1512 vere
965 1445 1200 1529 agnoscenda
1228 1446 1287 1528 sit,
1317 1451 1441 1510 utrum

309 1571 391 1618 sese
407 1553 604 1636 protendat
617 1571 730 1636 usque
743 1552 789 1617 ad
807 1557 1009 1617 extremam
1026 1553 1252 1634 punitionem
1281 1569 1348 1616 seu
1366 1553 1441 1634 pri·

309 1660 495 1724 rationem
513 1660 629 1742 regni.

399 1765 526 1846 Quoad
541 1765 772 1830 existentiam
789 1771 825 1830 et
842 1774 1007 1830 naturam
1021 1767 1215 1848 praefatae
1242 1765 1441 1847 potestatis

310 1878 386 1938 tres
404 1873 607 1938 sententiae
624 1872 809 1936 recenseri
826 1872 945 1936 solent
962 1871 1060 1953 apud
1086 1871 1250 1952 juristae:
1271 1870 1323 1935 1.·
1357 1887 1440 1935 sen-

309 1977 425 2042 tentia
441 1987 594 2043 contremo
626 1977 862 2061 quorumdam
898 1965 1169 2042 catholicorum
1194 1977 1442 2042 asserentium

309 2083 406 2148 inter
437 2083 656 2148 christianos
687 2090 724 2148 et
755 2084 792 2147 in
820 2083 902 2165 lege
935 2083 1155 2166 evangelica
1195 2101 1340 2147 omnem
1376 2102 1440 2148 au·
1510 2081 1511 2086 ’

310 2189 516 2254 ctoritatem
548 2189 691 2254 Summo
724 2189 889 2254 Pontifici
937 2207 1017 2254 esse
1067 2191 1297 2254 commissam
1326 2189 1439 2270 Juxta

309 2297 426 2360 verba
458 2296 564 2360 toties
597 2293 890 2361 laudata-Doto
923 2302 972 2360 est
997 2295 1080 2360 miti
1107 2296 1440 2380 omnispolestasa'a

309 2403 401 2468 coelo
433 2410 465 2466 at
494 2403 532 2466 in
564 2409 673 2482 tarra·
691 2409 807 2466 eunica
825 2420 962 2488 erpo—3
980 2402 1017 2465 in
1035 2401 1349 2466 confirmationem
1382 2403 1440 2466 sui

310 2507 441 2573 asserti
458 2508 681 2600 subjungunt
703 2506 937 2570 collationem
970 2506 1176 2588 hujusmodi
1207 2507 1440 2572 omnimodae

310 2615 539 2680 auctoritatis
556 2611 654 2678 haud
669 2613 823 2678 obscure
840 2613 953 2678 fuisse
970 2613 1213 2695 significatam
1246 2631 1313 2695 per
1348 2613 1439 2679 duos

310 2720 452 2802 gladios
480 2738 570 2802 quos
597 2719 764 2802 Apostoli
782 2719 991 2784 obtulerunt
1019 2719 1174 2784 Domino
1204 2719 1241 2784 in
1270 2718 1376 2784 horto
1403 2729 1440 2784 et

309 2825 513 2890 Salvatoris
537 2827 945 2907 responsionem-satia
964 2832 1070 2906 cat—3
1091 2824 1234 2907 gladius
1267 2825 1439 2908 spiritua-

308 2931 367 3014 lis,
387 2933 502 3013 aJunt,
521 2931 567 2996 ab
597 2931 763 2996 Ecclesia
796 2932 1005 2998 immediate
1028 2937 1235 3014 exercetur,
1255 2937 1438 3015 tempora·

309 3039 355 3104 lis
372 3045 494 3102 autem
511 3037 740 3120 Principibus
757 3038 1008 3104 saecularibus
1022 3037 1192 3121 traditur,
1220 3043 1260 3102 ut
1290 3039 1438 3104 nomine

309 3143 499 3209 Ecclesiae
516 3147 552 3207 et
569 3142 615 3206 ad
634 3147 758 3207 nutum
775 3142 961 3207 Pontificis
979 3149 1209 3224 exerceatur,
1228 3143 1291 3226 qui
1315 3142 1436 3224 proin·

310 3250 447 3332 dejure
465 3250 613 3332 proprio
648 3249 762 3330 pollet
793 3249 910 3330 ipsum
940 3247 1143 3312 auferendi:
1173 3246 1226 3312 2.·
1252 3247 1437 3312 sententia

310 3357 419 3422 etiam
437 3366 592 3424 eatrama
620 3358 737 3420 teneri
753 3357 847 3422 solet
876 3357 1012 3448 abillis
1030 3357 1159 3422 aulicis
1176 3362 1213 3421 et
1235 3355 1435 3438 regalistis,

309 3464 371 3546 qui
384 3463 569 3528 blaterare
586 3481 659 3527 non
672 3469 847 3528 verentur
860 3461 1050 3528 Ecclesiae
1067 3463 1205 3528 nullam
1235 3460 1359 3526 inesse
1376 3479 1436 3544 po·
1510 3517 1511 3532 ,

309 3574 480 3632 testatem
499 3570 536 3634 in
553 3569 683 3652 Reges,
702 3569 763 3650 qui
782 3573 906 3650 utpote
931 3569 969 3634 in
985 3565 1142 3634 culmine
1174 3567 1359 3633 humanae
1388 3567 1436 3631 di·

309 3674 459 3755 gnitatis
490 3675 611 3756 positi,
643 3681 793 3756 propter
834 3675 951 3756 ipsam
980 3675 1255 3757 suprematiam,
1292 3674 1437 3738 ratione

308 3780 536 3862 principatus
555 3785 591 3844 et
608 3781 737 3844 summi
755 3779 898 3861 imperii
918 3781 1143 3864 (roborante),
1161 3780 1318 3846 aliorum
1343 3779 1436 3862 judi-

310 3887 365 3950 cio
380 3892 417 3950 et
434 3887 655 3968 auctoritati,
674 3904 720 3950 ne
737 3885 883 3968 quidem
898 3887 1051 3952 Romani
1068 3886 1267 3968 Pontificis,
1302 3887 1339 3951 in
1368 3887 1435 3951 hoc

308 3991 442 4056 mundo
455 3991 605 4056 subesse
622 3997 818 4074 nequeunt:
838 3992 893 4056 3³²
921 3992 1076 4058 babetur
1107 3991 1293 4058 sententia
1321 3992 1434 4058 medio

310 4115 418 4180 quam
436 4097 601 4179 plerique
617 4097 789 4162 catholici
802 4103 961 4177 tuentur,
992 4103 1236 4182 agnoscentes
1267 4098 1434 4182 equidem

309 4202 347 4264 in
360 4201 530 4266 Romanis
547 4201 780 4268 Pontificibus
798 4219 925 4268 veram
942 4209 1162 4286 potestatem
1178 4205 1216 4290 in
1245 4205 1433 4286 Principes

308 4306 543 4390 temporales,
563 4307 628 4373 sed
641 4313 780 4376 tantum
792 4309 1021 4376 indirectam.
