3096 4986
784 333 953 391 ..88-.,

308 474 502 556 designare
517 479 639 558 potest
655 475 716 558 qui
733 475 942 558 principali,
971 475 1041 540 hoc
1057 481 1123 558 est,
1139 475 1352 558 complexui·
1375 475 1434 540 in·

305 581 516 646 structionis
533 589 570 646 et
598 582 825 648 educationis
844 583 1027 664 providet,
1060 583 1168 648 salva
1183 599 1327 664 semper
1343 579 1435 645 reli-
1534 605 1535 664 ῃ

305 688 409 768 giosa
424 689 650 754 institutione
666 697 777 773 atque
793 697 942 756 servato
960 689 1132 754 incolumi
1151 690 1235 770 jure
1251 686 1433 752 ecclesia·

306 793 419 858 eticae
433 795 721 878 approbationis,
732 813 826 878 quac
840 797 1024 877 generalis
1037 813 1117 860 esse
1130 795 1276 878 poterit,
1287 794 1319 858 si
1330 795 1435 856 inter
1534 813 1535 816 ¹

306 897 518 982 disciplinas
534 921 558 966 a
575 905 749 985 magistro
766 904 803 968 in
820 905 990 968 examine
1007 903 1215 966 idoneitatis
1243 915 1433 982 exponen·
1534 933 1535 982 1

306 1005 384 1088 das,
403 1010 734 1092 comprehendatur
751 1029 896 1094 quoque
913 1012 1042 1093 religio
1059 1019 1096 1075 et
1113 1029 1136 1074 a
1154 1009 1337 1093 deputatis
1369 1025 1434 1072 ec·
1534 1009 1535 1012 ’

307 1113 522 1180 clesiasticis
540 1119 792 1200 experimento
806 1119 1033 1200 subjiciatur,
1052 1119 1104 1182 uti
1122 1119 1162 1182 fit
1179 1116 1277 1199 apud
1299 1134 1367 1180 nos
1390 1116 1436 1180 in
1534 1105 1535 1110 ’

307 1221 595 1302 oppositionibus
613 1243 680 1308 pro
697 1227 852 1308 publicis
886 1226 1021 1288 scholis
1049 1224 1268 1303 obtinendis,
1298 1225 1334 1286 in
1351 1224 1435 1305 qui-
1534 1195 1535 1262 3

306 1325 373 1390 bus
385 1331 649 1410 praescribitur
661 1332 876 1396 adsistentis
900 1331 1051 1414 parochi
1079 1331 1182 1396 velut
1204 1329 1338 1412 judicis
1367 1345 1434 1392 ne·
1534 1345 1535 1410 ζ

306 1435 457 1498 cessarii
474 1437 520 1500 ad
538 1437 698 1502 tribunal
728 1438 1032 1503 constituendum.
1063 1435 1099 1502 Si
1117 1455 1206 1501 vero
1224 1443 1356 1518 agatur
1384 1434 1435 1498 de

307 1539 521 1622 catechista,
549 1543 607 1607 cui
624 1544 865 1608 demandatur
879 1545 1105 1608 exclusivum
1124 1559 1253 1607 munus
1271 1540 1435 1606 catechi-
1534 1573 1535 1618 1

307 1661 421 1710 smum
439 1646 605 1730 docendi,
625 1649 829 1732 designatio
846 1651 954 1732 hujus
971 1651 1136 1732 magistri
1163 1649 1352 1714 Ecclesiae
1368 1665 1434 1710 au·

308 1751 469 1816 ctoritati
498 1754 742 1822 adscribenda
759 1758 839 1838 erit,
872 1759 1043 1839 quoniam
1065 1757 1146 1838 ipsa
1163 1755 1321 1838 positive
1345 1771 1436 1818 con·

308 1874 455 1924 currere
483 1861 591 1928 debet
619 1864 666 1928 ad
684 1866 761 1946 ejus
776 1864 1073 1943 nominationem,
1090 1863 1141 1926 uti
1166 1878 1347 1944 personae
1375 1877 1436 1924 re·

308 1965 453 2048 ligionis
466 1969 684 2036 institutioni
697 1971 843 2053 publice
860 1973 1082 2053 praefectae.

397 2075 467 2140 Sed
492 2085 784 2161 propugnatores
802 2080 988 2161 utriusque
1016 2077 1220 2142 sententiae
1249 2073 1437 2138 communi
1534 2089 1535 2148 ᾗ

309 2181 450 2246 calculo
471 2185 693 2250 conveniunt
716 2187 754 2249 in
772 2186 971 2250 asserenda
988 2193 1098 2268 atque
1120 2181 1343 2249 vindicanda
1371 2199 1437 2244 ne·

309 2289 480 2354 cessitate
494 2292 676 2373 positivae
692 2293 966 2374 approbationis
980 2291 1169 2356 Ecclesiae
1181 2307 1247 2372 pro
1264 2287 1435 2353 obeundo
1534 2293 1535 2302 ’

309 2395 533 2462 catechistae
557 2415 718 2479 munere,
737 2399 816 2462 sive
844 2399 1001 2462 oiiicium
1029 2397 1195 2479 magistri
1221 2397 1368 2460 unicum
1395 2405 1440 2458 et

309 2501 513 2584 principale
529 2505 588 2586 sit,
603 2505 682 2568 sive
698 2503 953 2568 secundarium
970 2513 1006 2567 et
1023 2521 1105 2568 oum
1122 2503 1203 2566 aliis
1229 2501 1436 2582 disciplinis
1534 2537 1535 2582 3

310 2607 555 2690 conjunctum;
575 2612 708 2675 etenim
726 2611 902 2676 institutio
920 2610 1068 2674 scholae
1093 2617 1149 2674 est
1167 2608 1352 2690 negotium
1370 2625 1436 2688 pu·
1534 2597 1535 2674 ἦ

310 2711 444 2778 blisum
461 2721 497 2778 et
511 2717 660 2798 sociale,
679 2717 833 2799 ideoque
847 2717 893 2780 ab
912 2735 956 2780 ea
971 2717 1190 2780 auctoritate
1207 2714 1355 2796 pendet,
1374 2713 1438 2778 cui
1534 2743 1535 2816 ἦ

311 2821 484 2900 competit
500 2839 588 2886 cura
605 2825 741 2904 negotii
759 2841 824 2904 pro
843 2841 916 2905 qua
932 2823 1144 2904 instituitur;
1176 2839 1244 2902 age
1253 2821 1331 2902 jam
1350 2821 1436 2884 reli·
1534 2819 1535 2822 ’

311 2925 369 3005 gio
388 2927 433 2990 ab
451 2929 670 2992 auctoritate
687 2930 939 2993 ecclesiastica
968 2929 1115 3010 pendet;
1146 2945 1233 3010 ergo
1251 2927 1435 3008 magistri,

312 3039 489 3112 quatenus
506 3034 719 3099 ordinantur
734 3035 780 3098 ad
807 3036 1019 3116 religionem
1049 3033 1276 3114 tradendam,
1307 3031 1437 3097 Eccle·
1534 3051 1535 3130 J

312 3140 388 3204 siae
417 3142 627 3206 auctoritati
645 3143 795 3224 ejusque
812 3143 1029 3224 inspectioni
1058 3142 1261 3226 subjacent:
1292 3139 1379 3204 hinc
1397 3140 1438 3204 in
1534 3159 1535 3238 ζ

312 3247 474 3312 coetibus
492 3248 778 3330 provincialibus
795 3257 858 3312 aut
874 3249 1053 3313 localibus
1086 3247 1283 3329 primariae
1300 3248 1438 3310 instru—
1534 3251 1535 3322 j

312 3354 441 3418 ottonis
455 3355 705 3420 ecclesiastica
719 3356 917 3420 auctoritas
931 3356 1093 3419 nativam
1109 3363 1218 3437 atque
1230 3353 1439 3435 legitimam

312 3463 687 3540 repraesentationem
705 3463 816 3526 habet
833 3479 898 3544 per
913 3462 1122 3543 delegatum
1154 3460 1354 3542 specialem
1388 3461 1440 3525 ab

313 3565 494 3648 Episcopo
513 3569 748 3634 nominatum.

401 3673 457 3736 48.
506 3671 634 3753 Quoad
649 3675 794 3739 scholas
808 3675 1049 3738 elementares
1067 3693 1089 3738 a
1106 3674 1262 3757 privatis
1276 3679 1438 3756 erectas,

314 3779 377 3846 sed
393 3780 549 3862 publicis
565 3783 789 3862 assimilatas,
807 3799 849 3848 eo
876 3782 1009 3864 quoda
1026 3782 1107 3864 lege
1124 3781 1253 3844 valore
1286 3780 1443 3845 officiali

314 3897 350 3952 et
362 3887 510 3970 publica
539 3887 829 3952 consideratione
846 3906 912 3970 pro
931 3889 1124 3952 eiieotibus
1142 3887 1312 3951 civilibus
1330 3887 1442 3952 deco·
1534 3899 1535 3988 j

314 4001 418 4058 ratae
437 3993 522 4074 sint,
537 3993 696 4058 identica
713 3995 894 4076 principia
911 3995 1140 4076 praevalent,
1155 3999 1193 4058 et
1211 3992 1363 4075 proinde
1377 4009 1442 4058 ea·
1534 4043 1535 4082 ,

316 4099 396 4162 dem
409 4101 495 4180 jura
507 4098 695 4164 Ecclesiae
712 4107 922 4182 competunt
946 4101 984 4166 in
1009 4100 1185 4181 ejusmodi
1218 4099 1365 4164 scholas
1392 4117 1444 4166 ac
1534 4097 1535 4176 ἶ

315 4209 352 4272 iu
363 4208 559 4290 primariae
577 4208 754 4290 publicas,
780 4209 957 4290 siquidem
974 4227 1101 4290 param
1119 4211 1182 4274 aut
1198 4206 1289 4270 nihil
1322 4207 1444 4276 refert
