3028 4992
771 365 948 422 -372-

299 509 357 571 cte
380 505 557 572 intererat
573 507 704 572 solutio
722 508 975 590 quaestionum
1006 507 1242 590 agendarum3
1259 505 1286 592 ⁸¹)
1299 507 1431 573 decla·

298 615 392 678 ratio
406 614 491 678 belli
507 633 572 680 eeu
586 614 742 679 medium
756 615 1002 696 coercitionis,
1022 615 1253 697 proclamata
1265 615 1426 696 primum

298 738 321 784 a
338 719 464 785 Grotio
483 739 527 786 ae
544 721 675 786 deinde
689 739 755 803 per
773 722 896 804 plures
913 721 935 786 J
939 721 1012 786 uris
1037 720 1337 786 Internationalis
1364 738 1426 803 pe·

298 825 645 910 ritospropngnata,
661 829 765 892 itaut
781 827 903 892 Status
927 828 1061 909 laesus,
1092 829 1194 892 vices
1219 827 1357 910 judicis
1390 833 1430 891 et

300 935 415 1016 partis
454 935 559 998 simul
594 952 738 1016 gerone,
778 933 918 1000 Statum
959 935 1166 999 laedentem
1206 951 1272 1016 per
1297 951 1340 997 se
1370 935 1429 1016 jd-

301 1041 425 1105 dicare
450 1047 558 1124 atque
587 1041 715 1123 punire
739 1042 877 1124 valeat,
904 1059 974 1124 qno
993 1045 1093 1106 certe
1121 1041 1329 1122 aequalitas
1348 1041 1428 1104 vio·

300 1147 408 1210 latur.

389 1253 444 1317 42.
494 1254 541 1320 Ut
565 1271 759 1336 germanus
784 1254 1018 1336 aequalitatis
1047 1259 1247 1336 conceptus
1264 1253 1428 1334 attinga-

302 1363 360 1424 tur
378 1367 413 1424 et
430 1361 499 1425 rite
527 1361 731 1442 definiatur,
750 1359 1059 1444 praemonendum
1077 1365 1133 1424 est
1161 1361 1277 1443 ipsam
1295 1364 1431 1442 utpote

302 1485 348 1532 ex
372 1467 500 1532 eadem
527 1473 658 1532 natura
682 1467 853 1532 fluentem
871 1467 1014 1530 versari
1042 1471 1183 1531 tantum
1212 1467 1311 1530 circa
1338 1467 1431 1547 jura

301 1575 602 1654 fundamentalia,
629 1590 724 1655 quae
752 1573 797 1637 ab
827 1573 986 1637 essentia
1010 1573 1199 1637 societatis
1223 1573 1346 1636 civilis
1365 1571 1429 1636 vet

301 1679 423 1743 Stator
441 1679 639 1759 dimanant,
656 1680 790 1761 quippe
808 1679 972 1744 eumdem
997 1679 1134 1744 habent
1150 1679 1294 1743 titulum
1311 1679 1427 1743 idem·

302 1803 372 1866 que
396 1785 656 1866 fulcimentum,
683 1785 863 1865 nimirum,
883 1789 1052 1848 naturam
1080 1785 1235 1850 hominis
1264 1802 1310 1849 ae
1335 1784 1432 1866 poli-

302 1893 397 1955 ticae
421 1893 700 1956 consociationis
730 1892 878 1972 factum;
897 1893 952 1955 sin
970 1909 1059 1956 vero
1085 1891 1130 1956 de
1156 1893 1299 1972 juribus
1329 1891 1426 1956 aeci-

302 1997 508 2062 dentalibus
532 2003 676 2080 agatur,
704 2015 797 2079 quae
826 2015 957 2079 nempe
985 1999 1084 2062 facto
1115 1999 1236 2080 aliquo
1265 1997 1430 2088 humano

302 2107 477 2187 nituntur,
492 2113 643 2188 possunt
660 2105 793 2187 singuli
806 2105 929 2169 Status
947 2105 1191 2170 discriminari
1208 2105 1303 2170 inter
1321 2123 1376 2188 se,
1392 2113 1432 2169 et

302 2213 388 2276 lieet
405 2212 577 2294 aequales
595 2211 667 2275 diei
684 2217 820 2294 queant
848 2213 884 2275 in
903 2211 972 2276 hoc
989 2218 1130 2275 tantum
1158 2229 1280 2292 sensu,
1299 2219 1425 2294 quate·

302 2335 369 2382 nus
386 2337 500 2400 aeque
519 2321 763 2384 reverentiam
782 2325 818 2382 et
843 2318 1115 2384 observantiam
1127 2320 1179 2382 -ab
1197 2317 1278 2382 aliis
1316 2319 1430 2400 depo-

302 2431 419 2508 scunt,
436 2433 557 2491 tamen
570 2425 747 2507 ejusmodi
765 2427 1100 2508 essentialiterque
1114 2425 1274 2507 juridica
1291 2443 1426 2507 aequa-

302 2537 386 2600 litas
411 2539 511 2598 recte
539 2533 707 2614 componi
727 2533 827 2596 valet
855 2549 935 2596 cum
961 2532 1178 2614 quibusdam
1206 2531 1432 2616 differentiis

303 2640 517 2706 accessoriis
536 2645 572 2702 et
589 2638 827 2702 secundariis.

369 2745 846 2826 Etsanesubhocrespectu
858 2743 992 2825 triplex
1004 2741 1299 2808 differentiarum
1310 2759 1431 2824 genus

303 2854 398 2916 inter
425 2851 546 2914 Status
571 2851 700 2914 adesse
727 2855 859 2932 potest:
891 2850 1123 2917 differentiae
1143 2849 1321 2935 physicae,
1342 2865 1429 2932 quo-

303 2959 400 3021 niam
416 2957 578 3022 nonnulli
592 2957 713 3022 Status
728 2956 853 3020 mediis
867 2955 1095 3020 naturalibus
1115 2961 1243 3020 carent
1256 2955 1303 3020 ad
1318 2973 1426 3038 quae·

303 3063 385 3128 darn
400 3063 483 3144 jura
508 3063 726 3144 exercenda,
746 3063 848 3127 velut
865 3062 1038 3126 Helvetia
1055 3081 1150 3145 quac
1178 3063 1224 3127 ob
1242 3062 1429 3126 defectum

303 3169 456 3233 marium
470 3169 528 3249 jus
558 3169 774 3232 maritimum
804 3170 1089 3234 internetionale
1115 3187 1270 3234 exerere
1288 3170 1425 3252 nequit,

304 3275 372 3338 etsi
401 3275 596 3356 aliquando
625 3277 875 3356 attentaverim
903 3275 1137 3340 differentiae
1164 3277 1325 3358 moratas,
1343 3275 1429 3358 quia

303 3399 375 3444 non
394 3399 517 3444 omnes
544 3387 672 3463 gentes
700 3381 863 3446 eamdem
884 3381 1124 3463 aptitudinem
1154 3401 1220 3466 pro
1253 3381 1432 3446 exercitio

300 3488 392 3568 juris
411 3486 557 3567 habent,
577 3503 694 3568 neque
712 3488 876 3550 eumdem
894 3487 1083 3552 civilitatis
1102 3488 1257 3570 gradum
1275 3489 1426 3553 sortitae

303 3593 442 3656 suntin
470 3593 595 3657 ordine
621 3594 908 3674 internetionali,
928 3604 967 3658 ut
984 3596 1110 3676 populi
1140 3595 1291 3659 barbari
1321 3601 1430 3676 atque

305 3704 481 3778 agrestes,
501 3700 562 3781 qui
579 3700 743 3780 profecto
773 3701 1033 3765 observantiae
1047 3701 1185 3783 jurium
1202 3709 1239 3767 et
1256 3701 1427 3784 adimple·

304 3805 394 3868 tioni
418 3805 678 3887 obligationum
707 3807 929 3888 respondere
959 3815 1146 3891 nequeunt
1175 3809 1305 3872 eadem
1330 3823 1426 3872 secu·

304 3909 413 3974 ritate
430 3928 474 3974 ac
501 3913 667 3976 nationes
685 3915 817 3994 cultae;
837 3914 1072 3980 differentiae
1090 3919 1317 4002 categoricae,
1338 3931 1429 3998 quae

305 4017 448 4096 quidem
465 4017 582 4098 logice
607 4025 808 4101 exsurgunt
839 4038 886 4086 ex
915 4023 1045 4103 majori
1074 4023 1337 4105 dominatione,
1366 4039 1425 4085 nu·

306 4123 455 4184 merosis
488 4124 627 4205 incolis,
657 4127 863 4207 ingentibus
897 4129 1048 4211 divitiis,
1081 4131 1239 4214 aliisque
1269 4129 1430 4196 externis

303 4223 500 4306 adjunctis,
518 4227 687 4294 divisioni
719 4231 884 4298 Statuum
911 4233 948 4298 in
978 4235 1103 4302 varias
1132 4237 1273 4302 classes
1303 4250 1429 4300 ansam
