3058 4994
775 359 954 416 -aoe-

304 505 450 584 visibile,
470 521 575 568 secus
604 502 697 568 enim
716 519 865 584 prorsus
882 504 1005 566 rueret
1033 504 1070 565 et
1094 505 1334 566 evanesceret
1362 519 1431 565 no·
1513 531 1514 584 3

306 611 354 674 tio
372 611 616 692 suprematiae
634 611 796 674 inunum
814 608 981 690 idemque
998 607 1232 670 territorium.
1513 591 1514 602 ³

393 717 628 780 Territorium
654 716 753 797 capit
778 715 898 778 omnia
926 731 1020 796 quae
1037 714 1134 778 intra
1152 714 1284 778 limites
1302 711 1433 778 Status
1513 745 1514 808 3

306 825 537 890 eontinentur
553 823 668 889 veluti
694 833 827 904 terras,
845 824 1005 905 flumina,
1022 823 1124 887 laous
1142 827 1179 888 et
1204 825 1319 888 maria
1336 824 1433 886 inte·
1513 809 1514 886 ᾗ

306 931 416 1012 riora;
434 931 594 1012 flumina,
613 931 715 995 laous
744 937 781 994 et
809 930 926 994 maria
955 931 1126 1012 contigua
1152 947 1265 1012 usque
1293 930 1339 993 ad
1357 935 1433 992 ter·
1513 997 1514 1008 χ

306 1039 440 1102 minum
470 1041 599 1120 postea
628 1037 883 1117 definiendum
911 1037 1050 1100 insulas
1078 1039 1182 1118 aquis
1210 1035 1330 1101 Status
1359 1037 1430 1100 oir·

307 1144 505 1226 cumdatas,
519 1147 682 1230 integras,
698 1145 728 1208 si
745 1145 877 1208 flumen
896 1144 956 1208 vel
975 1144 1076 1206 lanus
1089 1143 1136 1206 ad
1151 1161 1257 1208 unum
1286 1143 1428 1208 Statum
1513 1119 1514 1138 ¹

307 1250 472 1330 attineat,
492 1249 708 1329 dimidiatas,
729 1249 759 1312 si
777 1250 908 1314 fiumen
926 1249 972 1313 ad
990 1249 1079 1314 duos
1095 1247 1217 1313 Status
1231 1249 1427 1330 pertineat3
1513 1333 1514 1344 ἵ

307 1356 444 1420 insulas
473 1357 588 1420 littori
617 1356 830 1438 adjacentes
860 1373 973 1438 usque
1002 1356 1049 1420 ad
1083 1373 1212 1420 zonam
1246 1356 1304 1437 (de
1337 1355 1430 1418 loa
1513 1395 1514 1432 ,

307 1462 351 1526 20
366 1463 507 1546 leguas)
525 1463 771 1527 neeessariam
800 1463 937 1526 tutelae
966 1465 1132 1526 terrestri
1160 1471 1196 1526 et
1224 1463 1430 1526 maritimae
1513 1497 1514 1558 ᾗ

308 1568 522 1633 defensioni:
554 1569 787 1651 amplectitur
815 1570 924 1632 etiarn
955 1571 1076 1633 omnia
1108 1587 1202 1652 quae
1231 1570 1430 1634 extraiines

307 1675 429 1740 Status
447 1676 638 1755 habentur,
658 1675 849 1740 dummodo
878 1676 1099 1740 ineassum
1124 1677 1313 1758 imperium
1346 1693 1430 1740 exe-

307 1787 378 1863 rat,
404 1783 456 1846 uti
484 1783 634 1863 insulas,
651 1783 826 1864 colonias,
853 1781 963 1845 aedes
994 1799 1037 1846 ao
1067 1783 1192 1846 domus
1210 1783 1429 1863 legatorum,
1513 1777 1514 1784 '

307 1906 423 1952 naves
456 1891 693 1953 mercatorias
711 1894 773 1952 aut
804 1889 1013 1952 bellatrices
1032 1890 1145 1952 altum
1164 1907 1264 1952 mare
1281 1907 1430 1953 suroan·

308 1999 363 2060 tes
380 1995 440 2058 vel
458 1995 495 2058 in
513 1996 616 2078 aquis
634 2001 843 2059 exterarum
861 1996 1021 2078 gentium
1039 1995 1219 2059 flotantes.

397 2101 451 2165 l8.
509 2101 651 2166 Limites
684 2102 924 2170 territoriales
957 2101 1237 2165 denominantur
1271 2101 1430 2164 confinia

225 2253 230 2262 -
309 2227 372 2273 seu
398 2209 540 2272 termini
570 2207 838 2291 quibusStatus
858 2208 1080 2273 adinvicem
1108 2209 1361 2290 seJunguntur:
1381 2209 1430 2271 di·

310 2315 385 2380 vidi
402 2316 520 2379 solent
543 2315 783 2379 innaturales
812 2321 848 2378 et
865 2315 1088 2397 artificiales,
1107 2319 1301 2380 terrestres
1320 2321 1429 2396 atque

309 2422 522 2502 maritimos;
539 2422 695 2485 confinia
714 2423 895 2486 naturalia
910 2428 1089 2486 vocantur
1107 2423 1233 2486 limina
1247 2423 1307 2486 vel
1326 2431 1430 2504 septa

310 2529 356 2592 ab
385 2531 464 2610 ipsa
482 2535 613 2592 natura
632 2531 862 2611 praestituta,
884 2535 971 2611 puta
996 2537 1136 2593 montes
1154 2530 1322 2612 perpetui
1339 2531 1430 2611 (eon
1513 2599 1514 2618 χ

311 2635 485 2717 dilleras),
504 2635 662 2715 flumina,
682 2636 784 2700 lacus
809 2641 845 2700 et
869 2637 997 2716 maria;
1024 2637 1113 2700 lines
1142 2637 1353 2700 artificiales
1378 2635 1429 2698 di·

312 2745 440 2802 cuntur
458 2743 639 2822 margines
658 2761 752 2824 quae
769 2743 943 2824 explicita
963 2747 1042 2824 (per
1060 2743 1207 2807 foedera
1228 2751 1265 2806 et
1294 2743 1429 2825 paetin-

311 2844 389 2928 nes)
407 2846 466 2908 vel
485 2849 597 2910 tacita
614 2848 693 2931 (per
712 2867 811 2912 usum
842 2853 904 2911 aut
933 2849 1244 2930 consuetudinem)
1263 2849 1428 2914 Statuam

311 2953 500 3016 voluntate
517 2953 762 3035 designantur.
1513 3011 1514 3034 ,

399 3061 547 3124 Limites
577 3063 786 3126 artificiales
812 3064 946 3144 passim
977 3062 1247 3142 distinguuntur
1278 3080 1343 3144 per
1360 3077 1431 3124 mo·
1513 3059 1514 3104 ³

311 3171 496 3249 numento,
528 3168 727 3248 columnas,
760 3169 882 3232 aliaue
914 3169 1020 3250 signa
1048 3169 1221 3248 visibilia,
1252 3176 1364 3250 atque
1392 3167 1429 3230 in

312 3273 447 3336 chartis
480 3277 699 3357 geographis
733 3277 911 3358 exquisite
941 3275 1160 3340 denotantur
1189 3277 1227 3339 vi
1256 3275 1429 3358 graduum
1513 3263 1514 3306 ³

312 3381 546 3462 longitudinis
574 3390 610 3446 et
638 3383 851 3464 latitudinis;
879 3385 1061 3464 margines
1092 3388 1213 3447 autem
1244 3383 1431 3446 naturales

312 3488 422 3568 vulgo
441 3488 728 3552 determinantur
747 3489 961 3570 quibusdam
990 3490 1096 3552 lineis
1125 3489 1263 3552 fictitiis
1283 3489 1343 3553 vel
1363 3507 1430 3552 mu·
1513 3503 1514 3560 3

312 3599 372 3656 tuo
398 3597 600 3658 conventis:
619 3595 703 3659 hino
721 3597 841 3678 quoad
866 3604 1005 3660 montes
1037 3601 1234 3678 perpetuos
1253 3597 1431 3677 (cordille
1513 3607 1514 3664 l

312 3701 400 3780 ras),
420 3700 552 3764 limites
571 3701 790 3765 deliniuntur
819 3702 916 3766 linea
951 3703 1137 3766 delineata
1155 3721 1220 3785 per
1248 3703 1429 3767 summita·
1513 3729 1514 3766 r

312 3809 385 3868 tem
403 3807 524 3886 (eima)
543 3807 645 3870 collis
664 3807 815 3888 altioris3
832 3810 950 3890 quoad
968 3809 1128 3890 flumine,
1150 3810 1249 3872 linea
1264 3809 1432 3891 supponi-

313 3917 371 3975 tur
397 3919 583 3977 exstruota
612 3932 676 3995 per
706 3915 936 3979 medietatem
966 3917 1085 3980 incilis
1117 3918 1272 3996 (oauoe);
1293 3915 1431 3980 demum
1513 3925 1514 3928 ’

314 4020 432 4100 quoad
451 4021 565 4083 maria
583 4023 813 4086 territorialio
831 4039 893 4084 seu
903 4023 1212 4107 jurisdictioaalia
1230 4023 1430 4105 appellata,

314 4143 406 4188 zona
436 4127 617 4190 maritima
647 4129 839 4208 cujuslibet
856 4127 978 4192 Status
1008 4129 1165 4193 dimetiri
1183 4131 1322 4194 assolet
1339 4131 1432 4194 linea
1513 4123 1514 4126 ’

314 4231 466 4313 speciali
486 4251 578 4312 quae
596 4233 727 4296 dieitur
740 4237 977 4302 observantiae
991 4237 1103 4318 (linea
1120 4236 1165 4300 de
1180 4241 1356 4319 respeto).
