3096 4986
784 355 940 414 ..36-

303 502 457 566 stantior
473 499 531 580 sit,
549 497 840 582 quandoquidem
857 499 938 582 ipsa
954 499 1048 562 ratio
1066 497 1245 564 naturalis
1273 517 1431 581 persua-

304 609 364 674 det
394 607 555 672 ordinem
582 606 792 671 inferiorem
832 605 1013 688 superiori
1045 604 1233 670 deservire
1274 605 1432 688 debere,

303 715 408 796 eique
424 711 664 788 subordinari:
685 731 753 794 age
768 711 859 793 jam,
878 717 1085 794 opportuno
1108 711 1189 775 loco
1207 711 1255 795 (1)
1269 713 1348 776 fuse
1365 712 1428 777 de-

303 820 582 886 monstravimus
614 817 817 884 Ecclesiam
836 817 977 882 ratione
996 818 1076 882 finis
1095 817 1263 881 altissimi
1293 835 1339 881 ac
1368 835 1430 882 su-

304 929 417 1012 premi
435 927 640 1008 majoritate
659 931 694 990 et
711 927 868 1007 primatu
882 942 971 1008 prae
986 925 1163 990 societate
1177 926 1277 990 civili
1291 925 1429 1008 gaude·

304 1053 354 1102 re.
372 1036 413 1099 ln
430 1033 587 1098 secundo
601 1050 701 1112 casu,
721 1049 864 1114 nempe,
884 1050 965 1096 cum
982 1033 1148 1114 quaestio
1166 1040 1337 1098 versatur
1351 1051 1432 1098 non

303 1141 401 1206 eirca
416 1139 615 1204 Ecclesiam
632 1145 669 1202 et
685 1137 836 1218 Statum,
855 1137 917 1202 sed
936 1139 1035 1202 circa
1052 1139 1311 1203 auctoritatem
1345 1156 1432 1203 sae-

304 1248 463 1312 cularem
477 1249 539 1308 aut
556 1245 672 1310 civem
691 1245 875 1326 privatum
895 1251 930 1308 et
944 1243 1104 1326 judicem
1134 1245 1432 1310 ecclesiasticum

214 1407 218 1416 .
304 1352 574 1434 particularem,
595 1353 668 1414 tum
686 1367 810 1412 rursus
829 1349 888 1413 vel
907 1367 1024 1414 sermo
1040 1355 1094 1414 est
1111 1349 1156 1414 de
1182 1368 1222 1415 re
1240 1349 1349 1414 dubia
1362 1352 1430 1414 vel

304 1459 347 1524 de
366 1477 404 1522 re
418 1457 527 1522 obvia
541 1463 577 1520 et
592 1457 797 1520 manifesta:
817 1457 847 1520 si
862 1475 920 1520 res
934 1457 1045 1520 dubia
1058 1457 1118 1535 sit,
1134 1455 1180 1520 cd
1194 1457 1353 1520 tribunal
1368 1474 1428 1521 ec-

303 1566 545 1631 clesiasticum
562 1563 730 1644 superius
747 1563 1007 1628 recurrendum
1034 1567 1101 1645 est,
1131 1563 1217 1645 quia
1247 1563 1432 1643 jndicium

302 1690 428 1736 verum
447 1687 511 1734 seu
528 1669 825 1734 auctoritativum
857 1687 927 1733 non
955 1669 994 1732 lit
1011 1669 1079 1733 nisi
1108 1688 1130 1733 a
1161 1669 1362 1751 superiore;
1393 1671 1431 1734 si

302 1795 391 1842 vero
410 1794 468 1840 res
485 1775 594 1840 obvia
612 1781 647 1838 et
664 1781 795 1858 aperta
813 1776 934 1857 fuerit,
954 1776 1039 1858 quia
1056 1775 1340 1857 incompetentia
1370 1792 1429 1840 se·

304 1885 457 1949 cundum
472 1883 570 1964 ipsos
584 1881 772 1946 Ecclesiae
786 1901 945 1947 canones
961 1883 1152 1948 manifeste
1165 1887 1332 1964 apparet,
1347 1887 1431 1944 tum

303 1995 500 2072 suppetunt
512 1989 591 2052 sive
609 1989 755 2070 privato
774 1989 852 2052 siue
866 1988 1039 2052 tribunali
1072 1988 1166 2052 laico
1185 1988 1331 2052 diverse
1351 2003 1426 2050 me·

303 2097 362 2162 din
380 2097 426 2160 ed
442 2095 659 2160 sententiam
679 2095 849 2174 injustam
868 2095 1005 2158 nullam
1022 2093 1240 2175 habendam,
1269 2095 1434 2176 ejusque

303 2203 573 2268 exsecutionem
591 2201 856 2282 declinandam,
873 2203 957 2282 quin
983 2203 1124 2284 judiees
1142 2203 1351 2266 saeculares
1367 2203 1426 2284 Ju-

304 2311 434 2374 dicium
452 2309 496 2372 de
514 2309 632 2373 causis
650 2311 909 2373 ecclesiasticis
938 2312 1140 2392 proferaut3
1168 2309 1301 2374 etenim
1333 2315 1426 2374 tem·

304 2436 409 2500 quani
428 2419 574 2482 axioma
583 2417 777 2498 juridicum
791 2423 827 2481 et
855 2419 1108 2482 inconcussum
1126 2418 1345 2499 principium
1363 2417 1426 2481 lia·

302 2525 456 2588 bendum
472 2529 527 2588 est
545 2523 613 2588 hoc
641 2525 805 2588 effatum:
838 2524 1031 2606 “judicium
1059 2525 1355 2588 auctoritativum
1387 2525 1430 2588 in

302 2631 482 2710 religiosis
497 2631 615 2694 causis
629 2629 811 2710 judicibus
830 2631 1092 2696 ecclesiasticis
1111 2635 1252 2694 tantum
1280 2647 1420 2712 compe·

303 2737 379 2820 tia,

391 2843 496 2924 Hinc,
516 2859 597 2906 cum
616 2843 658 2906 de
676 2843 867 2907 manifesta
900 2844 1188 2926 incompetentia
1202 2841 1335 2924 judicis
1367 2859 1428 2906 ec-

303 2950 498 3015 clesiastici
511 2949 642 3031 agitur,
662 2949 796 3031 poterit
813 2950 973 3013 tribunal
991 2950 1135 3014 laicum:
1156 2950 1186 3030 ⁸)
1204 2949 1234 3012 si
1251 2967 1432 3014 accessus

302 3075 375 3120 non
392 3061 516 3138 pateat
529 3055 575 3119 ad
593 3055 750 3119 tribunal
768 3056 1057 3121 ecclesiasticum
1074 3057 1254 3138 superius,
1278 3059 1425 3120 senten-

302 3167 389 3230 tiam
408 3164 597 3228 declarare
625 3163 763 3226 irritam
797 3163 1027 3244 procedendo
1060 3181 1106 3228 ex
1138 3163 1325 3228 evidentia
1354 3163 1429 3243 rei,

301 3289 401 3336 more
420 3272 656 3353 privatorum3
674 3265 699 3347 l)
719 3271 748 3332 si
768 3271 911 3334 insistat
938 3271 975 3334 in
992 3271 1227 3353 exsequenda
1240 3273 1430 3335 sententia

302 3377 461 3440 tribunal
479 3375 628 3440 inferius
646 3376 946 3456 ecclesiasticum,
966 3378 1157 3458 appellare
1187 3378 1233 3440 ad
1262 3378 1429 3441 tribunal

302 3484 467 3563 superius
485 3481 785 3560 ecclesiasticum;
805 3485 829 3560 ⁰)
863 3483 893 3544 si
910 3481 1097 3546 brachium
1114 3485 1303 3546 saeculare
1321 3483 1426 3546 invo-

303 3593 404 3653 cetur
422 3593 484 3650 aut
501 3589 555 3652 vis
573 3589 719 3670 publica
733 3589 946 3669 imploretur
980 3605 1045 3669 pro
1065 3585 1300 3654 exsecutione
1331 3590 1427 3670 inJu-

302 3703 380 3764 stae
392 3695 668 3776 sententiae,uti
682 3695 727 3758 ad
743 3694 962 3759 exulandum
979 3694 1198 3778 Episcopum
1208 3697 1254 3760 ab
1266 3697 1431 3760 haereti-

302 3803 591 3881 cisdamnatum,
627 3819 692 3882 pro
726 3801 838 3864 nihilo
871 3799 1007 3864 habere
1041 3797 1260 3865 sententiam
1288 3802 1433 3883 judicis

303 3908 553 3988 ecclesiastici,
579 3907 764 3988 illamque,
785 3913 963 3989 quatenus
981 3907 1027 3972 ad
1047 3909 1164 3973 forum
1183 3909 1294 3973 civile
1311 3909 1431 3974 refer-

302 4025 372 4097 tur,
391 4015 536 4079 minime
553 4014 716 4095 exsequi.

301 4145 445 4155 --.-.--

373 4255 411 4317 (ι)
448 4251 516 4304 viu
530 4251 591 4304 voi.
605 4251 627 4314 1,
641 4265 702 4318 cap.
718 4247 735 4318 1,
749 4253 801 4303 aa.
814 4247 864 4304 1v.
