3062 4994
778 320 956 380 ..133-

392 463 467 530 109.
514 463 620 529 Ratio
638 462 800 528 subsidia
829 481 852 527 a
869 463 1003 546 populo
1028 459 1230 526 christiano
1255 459 1430 544 exigendi

301 571 363 636 vel
391 570 527 634 tributa
543 568 710 634 fidelibus
726 567 936 651 imponendi
953 587 1000 634 ex
1017 567 1153 650 triplici
1181 567 1294 632 etiam
1308 567 1426 656 ,fonte

205 695 208 700 ·
299 677 466 742 sumitur:
487 675 537 740 l.⁰
556 691 602 740 ex
624 681 754 742 antara
770 673 971 755 Ecclesiam
990 673 1125 738 etenim
1140 673 1223 756 ipsa
1241 677 1298 738 est
1314 671 1429 737 socie·

302 787 358 848 tas
376 786 531 847 externa
559 785 596 845 ct
614 781 780 862 visibilis,
801 785 926 864 utpote
949 779 1153 846 hominibus
1171 779 1374 862 composita
1391 783 1431 843 et

303 905 368 971 pro
399 885 604 952 hominibus
635 887 813 968 instituta,
843 885 998 969 ideoque
1025 886 1134 952 rebus
1162 885 1432 968 temporalibus
1513 867 1514 884 ³

301 993 453 1076 indiget,
471 1001 583 1077 atque
598 995 704 1060 simul
721 1001 777 1059 est
801 1011 847 1058 ex
865 998 986 1059 mente
1000 993 1056 1058 sui
1073 992 1189 1058 divini
1205 991 1430 1058 Fundatoris

303 1099 505 1165 adsociatis
533 1101 698 1184 perfecta
723 1105 760 1164 et
782 1099 999 1182 inaequalis,
1018 1103 1145 1182 utpote
1162 1098 1316 1180 imperio
1345 1113 1431 1180 pro·

303 1205 383 1288 prio
408 1211 445 1270 et
472 1205 582 1288 plena
610 1204 895 1288 independentia
911 1203 1092 1287 praedita,
1112 1202 1207 1268 unde
1231 1203 1291 1284 Jus
1318 1201 1433 1266 babet

302 1311 474 1394 exigendi
490 1329 512 1376 a
528 1313 602 1378 suis
617 1312 736 1390 media
750 1311 819 1376 sibi
835 1310 1058 1391 necessaria3
1074 1327 1171 1377 nunc
1183 1327 1286 1392 vero,
1305 1327 1433 1392 quam·
1514 1289 1515 1316 Ἰ

253 1475 258 1486 .
304 1417 361 1482 vis
392 1417 559 1484 Ecclesia
591 1436 613 1482 a
640 1417 718 1483 Deo
748 1417 935 1500 acceperit
967 1417 1088 1482 media
1118 1415 1433 1499 supernaturalia,

303 1541 421 1608 eaque
445 1525 490 1590 de
506 1543 570 1590 suo
588 1524 754 1590 fidelibus
772 1525 951 1606 conterat,
970 1529 1093 1589 tamen
1110 1524 1207 1588 bona
1224 1522 1435 1588 materialia

303 1651 327 1696 a
344 1632 446 1696 coelo
464 1649 537 1696 uon
552 1631 724 1714 suscepit,
743 1630 809 1696 sed
823 1631 953 1696 eadem
969 1631 1006 1696 in
1024 1635 1125 1714 terra
1141 1629 1211 1696 sibi
1228 1647 1432 1712 procurare
1515 1675 1516 1704 1

304 1742 462 1818 tenetur;
481 1755 525 1802 en
538 1737 648 1819 igitur
662 1738 849 1821 potissima
861 1739 956 1802 ratio
973 1755 996 1800 a
1013 1737 1179 1802 fidelibus
1193 1737 1323 1820 quovis
1342 1740 1435 1802 tem·
1515 1727 1516 1734 '

307 1860 397 1926 pore
413 1843 641 1926 exquirendi,
656 1849 696 1908 ut
711 1845 839 1908 libenti
856 1844 977 1909 animo
996 1848 1034 1908 et
1050 1843 1197 1908 assidua
1220 1842 1436 1908 sollicitudi-

306 1966 353 2015 ne
381 1948 500 2021 otdcio
513 1949 596 2030 Jure
611 1935 784 2032 naturali,
799 1949 1097 2034 divino-positivo
1126 1954 1164 2014 et
1188 1949 1349 2031 gentium
1380 1949 1436 2014 in·

301 2057 431 2140 juncto
449 2057 659 2122 incumbant
675 2057 745 2140 ipsi
768 2075 828 2122 res
845 2059 1068 2140 temporales
1085 2065 1122 2122 et
1137 2056 1258 2123 media
1275 2062 1436 2122 externa
1516 2083 1517 2126 ι

305 2163 617 2229 subministrandi.
635 2163 729 2230 Hinc
753 2165 930 2247 originem
957 2164 1094 2231 ducunt
1122 2163 1244 2229 omnia
1269 2164 1436 2229 subsidia
1516 2151 1517 2202 3

308 2269 495 2336 Ecclesiae
520 2270 709 2352 praestita:
729 2271 808 2334 sive
824 2270 1025 2336 uoluntaria
1051 2286 1115 2334 seu
1144 2273 1276 2351 sponte
1292 2269 1434 2350 oblata,

306 2395 389 2443 oum
415 2375 528 2459 aliqui
544 2375 822 2442 necessitatibus
840 2373 1029 2441 Ecclesiae
1046 2374 1254 2458 provident,
1269 2391 1342 2440 non
1358 2393 1435 2441 mo·

306 2483 353 2549 do
371 2501 437 2567 pro
467 2487 631 2566 tempore
655 2482 841 2566 praesenti
860 2499 925 2565 per
942 2483 1131 2550 oblationes
1148 2481 1197 2566 (1)
1214 2487 1251 2546 et
1278 2482 1436 2546 eleemo-
1517 2499 1518 2546 ι

310 2639 495 2650 —-

309 2761 361 2814 pro
374 2748 511 2800 varietate
533 2750 694 2815 temporum
713 2751 743 2799 et
764 2747 922 2800 mutatlone
938 2760 1032 2799 rerum
1055 2761 1109 2799 usa
1129 2749 1182 2800 est:
1202 2743 1436 2812 stetissemus

308 2817 499 2886 eleemosynas,
511 2819 590 2870 velut
608 2824 784 2884 spontaneae
805 2819 984 2884 donationes,
997 2817 1101 2884 qulbus
1122 2823 1152 2871 et
1166 2817 1298 2871 Ohrlstua
1317 2819 1347 2870 et
1359 2819 1437 2883 Apo·

310 2887 377 2942 stoli
389 2889 531 2950 vixerunt;
546 2887 571 2956 b)
585 2887 702 2942 &cimus
715 2894 744 2942 et
751 2887 902 2956 primitiae,
915 2903 972 2940 non
995 2893 1026 2942 ut
1040 2888 1212 2954 largitiones,
1226 2889 1277 2942 sed
1300 2889 1342 2940 utl
1356 2903 1437 2955 prae

309 2962 449 3013 stationes
468 2959 505 3012 ab
525 2959 651 3013 Ecclesia
670 2963 868 3028 praescriptam
885 2969 906 3023 ⁰1
920 2957 1042 3012 redditus
1054 2973 1091 3012 ex
1110 2961 1244 3027 praediis,
1257 2959 1437 3026 caeterisque

312 3029 395 3084 bouis
420 3029 487 3084 lixis
511 3035 541 3083 et
563 3030 724 3098 stabilibus,
743 3031 907 3093 mobilibus,
927 3031 1123 3084 immobilibus
1137 3033 1183 3084 vel
1207 3029 1436 3092 semoventibus,

310 3117 423 3165 census,
437 3103 600 3170 pensiones,
613 3102 725 3169 alisque
737 3104 799 3155 sive
812 3103 841 3154 iu
863 3102 1007 3155 communi
1021 3117 1164 3168 possessa,
1177 3104 1282 3156 sivein
1294 3099 1436 3154 beneficia

311 3179 341 3226 st
361 3173 505 3239 portiones
524 3173 685 3236 distributim
699 3171 726 3242 l)
738 3171 877 3226 mibvmtio
889 3173 934 3225 vel
956 3171 1116 3226 subsidium
1136 3173 1171 3226 ab
1192 3173 1300 3226 aerario
1320 3170 1436 3238 publico

309 3245 446 3298 collatum
465 3245 549 3298 titulo
568 3245 808 3312 compensationis
823 3241 1061 3311 (iudmuituoidn)
1075 3243 1272 3311 utplurimum
1293 3257 1345 3310 pro
1357 3245 1437 3309 expl-

312 3315 376 3369 lstis
389 3315 534 3370 Ecclesiae
547 3315 699 3383 praedictis
712 3314 796 3368 bonis
814 3321 843 3368 st
855 3313 1022 3378 redditibus,
1039 3319 1061 3380 θ)
1073 3313 1241 3368 obventiones
1253 3319 1283 3368 et
1294 3314 1351 3368 alia
1371 3315 1435 3366 cba-

311 3387 427 3440 ritativa
440 3386 577 3452 subsidia,
592 3388 637 3440 vel
650 3403 700 3452 pro
713 3385 873 3452 supplenda
894 3383 1034 3438 tenuitate
1053 3385 1216 3439 reddituum
1229 3392 1258 3439 et
1270 3383 1436 3438 subventio

311 3457 366 3520 nis,
386 3459 430 3510 vsl
451 3459 537 3512 etiam
562 3473 613 3525 pro
637 3457 826 3510 sustentando
848 3457 927 3510 cultu
948 3455 1087 3524 cleroque,
1106 3456 1156 3509 ubi
1177 3459 1301 3524 populus
1326 3471 1437 3524 pauper

313 3530 411 3594 nequit
424 3529 481 3582 alio
491 3529 576 3582 modo
588 3527 750 3582 subvenire.

384 3599 423 3663 (1)
463 3598 618 3652 Oblationes
631 3603 768 3652 vocantur
778 3613 871 3651 rerum
892 3597 1011 3651 omnium
1029 3595 1177 3661 mobilium,
1188 3595 1244 3651 aiva
1256 3593 1436 3650 immobilium

312 3667 472 3736 turpitionas
483 3673 576 3736 sponte
582 3669 690 3738 suctum
703 3672 810 3737 passim
824 3685 890 3722 vero
903 3685 953 3736 per
974 3671 1029 3722 hoc
1041 3668 1211 3722 vocabulum
1225 3669 1254 3720 in
1276 3670 1340 3736 jure
1353 3683 1436 3720 cano·

313 3741 379 3793 nico
397 3739 594 3808 significantur
606 3756 651 3794 res
665 3741 793 3794 mobiles.
808 3739 936 3807 Dupliois
949 3740 1061 3808 genens
1074 3744 1149 3794 sunt
1163 3738 1201 3794 ud
1211 3738 1302 3793 ultore
1313 3743 1343 3792 et
1354 3741 1438 3792 mro

314 3810 412 3874 altura
422 3813 547 3880 primum
559 3827 649 3878 genus
662 3818 722 3864 erat
731 3827 833 3864 earum
846 3827 939 3864 rernm
953 3826 1026 3878 quae
1038 3809 1076 3864 ud
1087 3809 1177 3864 ultore
1188 3809 1356 3864 terebantur
1367 3813 1437 3863 tem·

315 3897 383 3950 pore
395 3881 535 3946 sacrificii,
549 3883 638 3936 veluti
656 3883 739 3949 panis
751 3889 781 3936 et
794 3885 901 3946 vinum,
914 3882 1068 3949 exquibus
1081 3883 1165 3936 Sacra
1179 3882 1360 3936 Eucharistiae
1373 3895 1438 3934 eon·

315 3953 454 4020 liceretur,
467 3968 578 4008 necnon
591 3951 693 4018 oleum,
707 3956 865 4018 incensum,
878 3969 951 4020 cera,
963 3969 1055 4008 novae
1067 3955 1172 4021 spicue,
1184 3951 1296 4021 aliaque
1309 3965 1437 4020 munera,

315 4040 389 4091 quae
412 4029 463 4078 aut
487 4024 578 4091 altari,
591 4029 641 4076 aut
659 4023 775 4078 Clericis
794 4025 904 4078 alendis
923 4026 1101 4090 inservirent,
1114 4025 1234 4077 alterum
1258 4023 1437 4078 oblationum

316 4109 407 4162 genus
425 4101 470 4148 est
491 4109 589 4148 mrum
608 4109 711 4162 rerum,
729 4111 802 4163 quae
821 4097 901 4149 satra
919 4094 1010 4149 ultore
1027 4100 1057 4150 st
1074 4095 1245 4150 sacrificium
1263 4093 1300 4148 ad
1319 4094 1436 4147 domum

316 4165 450 4234 Episcopi
464 4163 674 4232 deferebantur,
687 4167 733 4220 vel
753 4167 783 4220 in
796 4165 1030 4234 gazophylactum
1052 4181 1102 4220 sen
1115 4166 1252 4220 exedram
1264 4164 1437 4232 recipiendis

315 4240 346 4290 et
357 4235 506 4290 servandis
518 4235 713 4290 oblationibus
726 4238 756 4290 in
768 4239 884 4305 templis
894 4237 1076 4291 constitutam
1087 4236 1283 4293 inferebantur
1293 4235 1330 4290 ud
1341 4235 1436 4289 Ecule-

315 4310 385 4374 siae,
398 4309 541 4377 Episcopi,
554 4307 638 4374 Cleri,
652 4323 867 4377 pauperumque
878 4311 1126 4364 sustentationem.
