3062 4994
786 381 964 440 -132-

314 543 409 609 quae
422 525 475 589 its
491 524 658 589 absolute
675 527 712 588 et
727 524 890 606 rigorose
904 523 1156 608 procederent,
1170 529 1209 589 ut
1223 542 1341 608 neque
1357 543 1439 590 cor·
1527 563 1528 572 κ

314 651 407 717 pora
419 631 632 697 Sanctorum
646 631 899 713 permitterent
923 632 957 696 in
984 631 1158 696 Ecclesiis
1176 633 1360 712 venerari3
1380 650 1445 696 re-

314 741 449 824 liquiae
467 739 562 803 enim
579 735 792 802 Sanctorum
809 743 894 801 sunt
911 737 1093 820 objectum
1110 735 1227 800 cultus
1245 737 1437 818 specialis·

314 845 394 912 simi
411 845 472 927 qui
489 843 526 908 in
540 843 683 926 templis
697 844 877 926 tribuitur,
893 850 929 907 et
952 844 988 908 in
1006 843 1190 908 Ecclesiae
1207 843 1334 906 inierri
1362 861 1446 908 non
1527 827 1528 838 ¹

314 953 444 1031 solent,
464 951 533 1015 nisi
557 949 678 1014 multis
695 955 776 1031 post
793 955 945 1014 mortem
974 949 1091 1030 annis,
1121 947 1265 1031 quando
1294 949 1444 1015 nullum
1527 1023 1528 1034 ἶ

314 1059 422 1124 saluti
441 1057 609 1139 publicae
621 1057 820 1140 periculum
839 1055 954 1137 adest,
970 1053 996 1140 ¹³)
1011 1073 1104 1138 quae
1121 1055 1167 1119 ab
1181 1055 1355 1119 Ecclesiis
1373 1073 1441 1120 ex-

315 1166 504 1230 eluderent
518 1165 628 1243 viros,
649 1181 738 1246 quos
755 1163 921 1228 Ecclesia
945 1164 1097 1245 speciali
1114 1165 1323 1228 reverentia
1353 1181 1439 1244 pro·
1527 1185 1528 1188 ¹

285 1351 291 1361 ¹
314 1273 486 1354 sequitur,
501 1274 539 1333 ut
555 1275 638 1334 sunt
655 1269 836 1353 Episcopi,
850 1271 911 1334 vel
928 1271 1097 1334 mulieres
1110 1287 1204 1352 quae
1220 1287 1265 1333 ex
1283 1269 1359 1332 suis
1374 1269 1440 1334 do·
1527 1317 1528 1348 ;

314 1381 429 1444 mibus
459 1377 563 1443 educi
595 1393 667 1440 non
696 1377 841 1458 debent,
869 1377 983 1440 veluti
1014 1377 1190 1441 Moniales
1215 1377 1445 1441 claustrales
1527 1365 1528 1436 j

313 1486 455 1550 ratione
472 1485 664 1548 clausurae
682 1485 894 1564 canonicam
915 1487 939 1562 ⁰)
958 1499 1052 1565 quae
1084 1481 1247 1546 inaudita
1265 1481 1446 1547 Ecclesia
1527 1485 1528 1508 ³

314 1593 575 1656 interdicerent
592 1591 887 1654 consuetudinem
906 1591 1067 1671 legitime
1084 1590 1267 1653 inductam
1299 1595 1336 1653 et
1370 1593 1442 1654 ali·

314 1699 397 1764 cubi
413 1700 597 1780 vigentem
615 1697 786 1760 humandi
818 1697 855 1760 in
887 1697 1060 1760 Ecclesiis
1092 1696 1215 1778 aliqua
1246 1695 1444 1761 cadavera

314 1806 451 1886 absque
464 1802 631 1884 hygienis
648 1807 685 1865 et
698 1801 867 1884 publicae
880 1803 1085 1866 securitatis
1100 1803 1327 1866 detrimento.

402 1909 456 1972 75.
506 1907 669 1990 Dupliois
702 1909 846 1989 generis
864 1915 984 1990 potest
1013 1927 1093 1974 esse
1126 1911 1251 1977 modus
1280 1915 1443 1980 curandi

314 2031 470 2096 corpora
497 2013 763 2094 defunctorum,
794 2031 936 2095 nempe,
955 2015 1119 2080 formalis
1152 2024 1187 2082 et
1216 2023 1442 2104 materialis,

309 2121 472 2207 formatis
489 2121 526 2184 in
542 2121 622 2202 ipss
635 2121 823 2202 sepultura
839 2123 928 2186 situs
945 2132 1012 2204 est,
1029 2141 1092 2189 seu
1111 2127 1148 2188 in
1165 2127 1235 2190 ritu
1265 2135 1367 2194 recte
1403 2141 1446 2196 et

303 2228 462 2292 honeste
495 2229 532 2292 in
564 2229 768 2310 sepulcrum
799 2227 986 2292 deferendi
1016 2231 1213 2314 caderem
1245 2253 1313 2316 age
1338 2238 1441 2318 jam,

313 2353 436 2400 omnes
455 2335 548 2398 ultro
567 2334 770 2398 concedunt
787 2335 962 2415 ejusmodi
976 2337 1095 2413 ritum,
1115 2341 1271 2404 servatis
1285 2360 1443 2426 semper
1527 2385 1528 2412 t

312 2441 660 2524 praescriptionibus
674 2458 738 2523 pro
758 2443 904 2524 publica
921 2443 1077 2525 hygiene
1089 2451 1125 2508 et
1137 2449 1333 2512 securitate
1348 2469 1370 2512 a
1387 2455 1444 2515 ci·
1527 2519 1528 2522 ,

310 2549 377 2613 vili
394 2549 613 2612 auctoritate
629 2549 724 2629 latis,
744 2549 952 2630 religiosum
971 2567 1050 2614 esse
1068 2551 1213 2634 debere,
1232 2555 1317 2636 quia
1351 2557 1440 2623 illa·
1527 2571 1528 2652 p

311 2656 361 2718 tio
380 2673 571 2736 corporum
586 2655 623 2719 in
639 2656 845 2737 sepulcrum
864 2673 976 2720 causa
993 2658 1180 2740 religionis
1197 2661 1248 2726 fit.

401 2763 526 2826 Modus
543 2765 736 2828 materialis
754 2765 918 2828 consistit
935 2766 972 2828 in
991 2768 1131 2831 ratione
1164 2785 1227 2832 seu
1259 2771 1444 2839 methodo
1527 2743 1528 2802 Ῑ

311 2867 476 2948 practica
493 2867 677 2932 cadavera
695 2869 922 2934 asservandi:
942 2869 1031 2934 duos
1050 2871 1237 2939 distinctos
1255 2877 1346 2940 ritus
1361 2882 1441 2943 usi·
1527 2863 1528 2878 ¹

311 2977 406 3036 tatos
439 2973 654 3054 invenimus,
685 2976 878 3058 nimirum,
899 2978 1042 3058 praxim
1082 2979 1290 3047 humationis
1332 2987 1442 3066 apud

310 3079 526 3144 christianos
540 3086 725 3146 servatam
740 3089 849 3164 atque
863 3101 963 3147 usum
977 3087 1197 3152 crematioaic
1211 3088 1305 3170 apud
1319 3089 1443 3158 Indos

309 3185 415 3250 hodie
433 3185 660 3267 (praesertim
680 3188 715 3249 in
734 3187 897 3251 tribubus
913 3189 1059 3253 incultis
1093 3191 1252 3256 Alaskae
1270 3199 1306 3258 et
1336 3193 1438 3262 Call·

273 3282 287 3300 ⁴
309 3293 463 3373 forniae)
481 3299 518 3357 et
533 3295 617 3358 olim
642 3293 837 3375 aliquando
865 3311 977 3376 penes
1007 3293 1168 3363 Graecos
1184 3305 1219 3363 et
1247 3299 1445 3370 Romanos

309 3399 592 3481 frequentatum.

397 3505 451 3568 76.
501 3505 556 3569 Ad
590 3505 696 3569 ritum
731 3505 956 3570 materialem
975 3507 1070 3590 quod
1101 3510 1231 3575 attinet
1255 3519 1442 3581 servandi
1527 3475 1528 3488 ἵ

310 3609 398 3674 etin
419 3615 583 3692 posteros
613 3613 880 3676 transmittendi
913 3615 1066 3678 exuvias
1099 3621 1337 3702 mortuorum,
1373 3623 1444 3689 hic

310 3716 435 3782 modus
461 3716 596 3798 duplici
624 3718 690 3782 sub
724 3725 893 3800 respectu
925 3723 1087 3803 spectari
1117 3731 1249 3806 potest,
1267 3727 1445 3798 historice

309 3829 417 3906 atque
426 3825 584 3911 juridico
599 3828 635 3887 et
651 3825 834 3906 religiosa
846 3827 945 3892 circa
961 3829 1210 3910 quaestionem
1227 3831 1442 3905 historicam

303 3927 512 3993 levissimas
544 3929 806 3996 insinuationes
838 3949 904 4014 pro
936 3951 976 3999 re
1004 3939 1129 4001 nostra
1161 3939 1308 4004 tradere
1339 3947 1444 4010 satis

308 4037 374 4098 est.
1262 4037 1265 4047 “

395 4139 532 4206 Sacrae
559 4139 721 4208 Litterae
749 4145 853 4210 nobis
871 4151 1051 4213 testantur
1067 4149 1164 4232 apud
1192 4131 1444 4224 Patriarchas

306 4247 344 4310 et
379 4245 580 4330 Aegyptios
609 4249 854 4318 humationem
883 4255 920 4318 in
938 4271 1002 4320 usu
1019 4256 1143 4342 fuisse,
1177 4265 1214 4325 et
1244 4261 1333 4328 licet
1362 4267 1442 4331 ali·
