3096 4986
573 364 733 422 ...49-

96 506 347 588 scriptionibus
364 507 497 590 spretis
515 511 552 572 et
569 506 769 572 universali
785 505 982 572 traditione
994 506 1214 588 posthabita,

96 630 212 678 sacras
232 615 482 680 immunitates
498 631 571 678 non
588 613 693 678 modo
709 613 874 692 violavit,
889 631 1018 678 verum
1035 631 1081 678 ex
1100 613 1215 696 publi·

97 737 134 784 cs
145 721 376 802 legislatione
389 737 604 803 expungens
615 722 759 802 penitus
774 719 949 801 abolevit,
964 719 1060 802 quod
1072 720 1216 803 quidem

97 827 227 910 absque
251 827 390 892 enormi
417 827 554 909 flagitio
585 832 621 890 et
649 829 763 890 abusu
794 843 882 890 vere
913 827 1114 892 execrabili
1151 844 1216 908 per

98 932 278 1015 Principes
296 935 446 1016 eJusque
465 931 651 998 Gubernia
669 933 748 996 fleri
765 949 838 996 non
851 932 980 1014 potuit.

178 1039 386 1122 Eaproptcr
403 1038 449 1104 de
465 1039 534 1104 hac
549 1055 590 1103 re
603 1044 834 1120 pertractare
847 1039 1011 1120 cogimur
1025 1038 1062 1102 in
1079 1039 1217 1118 iustam
1259 1044 1262 1048 ’
1340 1073 1342 1078 ,

101 1143 371 1210 detestationem
388 1145 565 1227 ejusmodi
598 1145 731 1209 abusus
755 1145 920 1210 luctuosa
952 1151 1078 1211 nostra
1094 1153 1216 1211 aetate

104 1254 312 1334 perpetrati,
331 1269 476 1316 necnon
491 1252 528 1315 in
556 1252 801 1316 necessariam
818 1251 1102 1318 Ecclesiasticae
1118 1253 1215 1318 iude·

104 1358 316 1438 pendentiae
332 1358 629 1424 vindicationem.

183 1463 236 1528 26.
284 1464 497 1528 immunitas
525 1465 776 1528 ecclesiastica
794 1463 936 1529 deliniri
953 1464 1058 1529 solet:
1090 1465 1216 1530 Exem-

99 1571 167 1653 ptlo
182 1592 238 1635 sea
250 1572 393 1636 libertae
407 1593 429 1636 a
438 1577 608 1655 potestate
622 1571 728 1646 civili,
743 1591 828 1654 quoe
841 1571 930 1636 iacet
942 1571 1114 1654 personis,
1132 1571 1217 1637 locis

104 1683 130 1739 et
143 1678 237 1742 rebus
250 1678 490 1742 ecclesiacticis
497 1684 643 1761 propter
656 1677 945 1743 consecrationem
960 1683 993 1742 et
1004 1678 1212 1762 applicatio·
1233 1661 1240 1672 ’

105 1803 173 1846 aem
187 1784 378 1848 eorumdem
391 1783 439 1848 aa
456 1783 688 1848 divinitatem.

186 1888 365 1954 Dividitur
382 1889 664 1974 inpersoualcm,
684 1889 828 1954 localem
845 1892 882 1954 et
896 1891 1037 1956 realem:
1050 1913 1217 1976 persona-

19 1993 21 2070 t
107 1993 146 2058 lis
157 1993 281 2059 dicitur
293 1997 463 2080 exemptio
479 1993 691 2062 Olericorum
705 1996 817 2080 afore
829 1996 930 2080 laico,
946 2000 1143 2063 muneribus
1152 2019 1217 2082 pu·

19 2097 20 2108 ’
109 2101 196 2166 blicis
209 2112 238 2166 et
254 2105 413 2168 cunibus
441 2104 691 2182 saecularibus;
714 2103 919 2168 immunitas
949 2106 1154 2186 personalis
1172 2123 1218 2170 ex

107 2209 179 2286 jure
195 2211 367 2274 canonico
387 2211 424 2274 in
442 2228 507 2274 suo
532 2221 710 2292 conceptu
744 2210 923 2292 triplicem
948 2212 1218 2292 exemptionem

110 2313 266 2396 importat
296 2317 494 2398 peripsam
512 2315 758 2380 definitionem
775 2333 981 2398 expresam:
1002 2319 1054 2381 1.⁰
1072 2317 1217 2399 privile·

111 2421 196 2500 glum
211 2423 290 2503 lori,
305 2441 375 2506 quo
390 2423 544 2487 clericus
562 2423 729 2488 immunis
754 2428 896 2488 estnon
912 2423 1027 2488 solum
1044 2441 1066 2486 a
1081 2423 1218 2503 judicio

111 2524 193 2590 laico
209 2528 243 2592 in
260 2545 373 2594 causa
386 2533 461 2593 tam
480 2529 659 2594 criminali
678 2547 785 2610 quam
804 2529 903 2594 civili
922 2529 1066 2612 quando
1085 2537 1219 2596 atreus

112 2635 321 2716 convenitur,
352 2635 417 2700 sed
445 2636 555 2701 etiam
572 2637 618 2700 ab
655 2636 879 2718 obligatione
908 2637 1029 2720 legum
1057 2637 1220 2703 civilium

113 2757 191 2820 quse
208 2744 321 2806 sacris
346 2743 545 2808 canonibus
575 2743 636 2808 vel
666 2744 785 2807 ol'tlcio
805 2743 968 2810 clericali
999 2747 1217 2826 repugnant,

113 2851 260 2928 quamvis
276 2855 444 2916 caeteras
456 2851 585 2915 civiles
604 2851 703 2933 leges
723 2851 854 2916 ciliciis
868 2857 904 2916 et
917 2852 1087 2935 dignitati
1103 2857 1219 2916 status

20 3011 21 3014 ,
114 2953 275 3020 clericalis
305 2957 451 3022 minime
479 2957 721 3022 adversantes
739 2975 891 3023 servare
921 2961 1089 3023 teneatur
1113 2960 1220 3040 juxta

21 3089 22 3118 r
115 3056 356 3128 bellarminum
373 3064 421 3146 (i)
440 3063 664 3146 obligatione
683 3069 823 3129 tanturn
840 3065 1022 3146 directim,
1041 3083 1113 3128 non
1132 3083 1219 3129 vero

116 3171 259 3252 coadloa,
278 3170 408 3252 quibus
426 3169 548 3234 verbis
575 3171 802 3252 significatur
832 3168 993 3236 Olerlcos
1012 3189 1085 3235 non
1113 3188 1220 3252 posse

116 3272 225 3339 civiles
241 3276 342 3358 leges
360 3276 506 3358 impune
524 3275 726 3358 despicere:
747 3279 784 3338 at
803 3275 833 3340 ei
851 3275 1082 3359 deliquerint,
1109 3293 1181 3340 non
1199 3296 1221 3340 a

116 3375 206 3464 laico,
235 3381 298 3446 sed
323 3383 369 3446 ab
401 3383 651 3448 ecclesiastico
676 3383 799 3464 judice
826 3399 906 3446 esee
934 3381 1148 3464 puniendos:
1168 3380 1221 3446 2⁰

117 3489 364 3570 exemptionem
381 3507 404 3552 a
419 3489 573 3572 publicis
587 3490 807 3571 muneribus,
823 3488 902 3553 sivo
916 3489 1043 3553 vilibus
1060 3487 1127 3572 (uti
1146 3489 1220 3552 otd-

118 3589 162 3654 cio
173 3594 246 3659 vias
263 3595 430 3678 publicas
446 3600 509 3660 aut
523 3603 652 3678 pontes
676 3593 864 3660 reficiendi
880 3593 1026 3677 aliaque
1043 3595 1080 3660 id
1108 3613 1221 3677 genus

22 3739 23 3742 κ
118 3702 335 3786 praestandi),
351 3721 373 3766 a
387 3703 515 3786 quibus
526 3704 609 3785 Jure
626 3721 776 3768 romano
796 3705 902 3767 erent
917 3703 1093 3768 immunes
1112 3703 1222 3785 patri·

118 3803 155 3866 cii
166 3809 197 3870 ct
210 3809 384 3874 officiales
398 3809 545 3892 publici,
560 3811 717 3891 itemquo
735 3809 875 3874 nobiles
888 3809 1006 3874 medlo
1021 3827 1127 3889 aevo;
1143 3810 1222 3873 sive

22 3975 23 3980 ,
117 3906 292 4001 bonorificis
325 3915 441 3996 (velut
472 3916 601 4000 tutela,
631 3933 731 3994 cura,
766 3915 958 3981 exactione
991 3915 1220 3996 tributorum,

118 4015 252 4104 aliisque
267 4023 459 4104 similibus)
476 4025 556 4091 sive
578 4024 888 4106 administrativis,
899 4023 1146 4111 judicialibus,
1160 4043 1222 4108 po·

120 4169 285 4188 Ἢ

174 4279 209 4345 (l)
244 4277 290 4333 De
304 4276 426 4348 Oicdcu,
438 4279 486 4334 lib.
499 4279 523 4333 1.
538 4283 653 4348 capti.
1153 4350 1170 4400 4
