3038 4994
786 395 964 456 -286-

314 539 474 624 addicta,
495 540 662 623 quamvis
694 557 761 622 pro
791 540 906 605 variis
930 537 1139 622 regionibus
1164 536 1312 604 diversa
1340 539 1447 601 esset

313 647 407 712 haec
422 646 614 728 subjectio:
629 651 681 712 ita
697 647 892 711 tributaria
904 645 1133 712 devenerunt
1145 661 1260 727 regna
1275 641 1444 723 Siciliae,

314 755 536 838 Aragoniae,
578 753 747 836 Angliae,
786 752 973 836 Poloniae,
1014 751 1170 834 Daniae,
1214 751 1445 834 Ncrvegiae,

313 859 474 946 Svetiae,
494 861 718 942 Lusitaniae,
737 864 774 924 et
789 859 975 941 Neapolis.

402 969 479 1032 2.⁰.
502 969 558 1034 Ex
589 968 817 1048 consumma
850 966 1002 1030 historia
1032 965 1127 1030 enim
1162 969 1319 1029 testatur
1342 963 1445 1028 Hen-

314 1075 430 1138 ricum
446 1075 501 1140 111
517 1075 781 1156 Imperatorem
809 1095 831 1136 a
858 1071 1032 1136 Pontiflce
1044 1071 1167 1136 Leone
1183 1070 1237 1135 IX
1254 1071 1447 1152 recepisse

315 1180 501 1245 abbatiam
519 1179 660 1244 Fuldae
683 1179 828 1260 aliaque
846 1177 1005 1242 dominia
1022 1176 1057 1242 S.
1076 1176 1178 1242 Sedis
1196 1177 1445 1258 ultra-Alpes,

316 1285 402 1352 huic
430 1286 620 1368 reciproce
647 1283 824 1349 tradendo
842 1285 963 1348 omnia
980 1283 1140 1348 dominia
1161 1283 1445 1364 ultra-romana,

315 1393 353 1458 id
369 1399 437 1473 est,
454 1392 500 1457 ad
513 1392 709 1474 Imperium
723 1393 931 1473 spectantia
943 1391 980 1455 in
993 1391 1103 1456 Italia
1115 1391 1294 1470 inferiori,
1310 1389 1447 1454 deinde

315 1505 439 1565 notum
454 1507 509 1564 est
525 1497 690 1563 eumdem
712 1496 870 1562 Leonem
887 1497 940 1561 IX
958 1497 1072 1580 (1053)
1105 1496 1326 1562 Normannis
1358 1513 1447 1560 con·

315 1607 469 1670 cessisse
487 1605 523 1668 in
540 1605 686 1668 feudum
702 1603 873 1684 Apuliam
897 1607 935 1666 et
951 1603 1111 1666 dominia
1129 1603 1167 1666 in
1199 1599 1375 1667 Calabria
1408 1607 1449 1665 et

315 1710 439 1776 Sicilia
457 1709 637 1792 acquisita
651 1715 779 1774 contra
797 1707 960 1774 Graecos
976 1715 1013 1772 et
1041 1707 1258 1790 Saracenos3
1284 1707 1448 1790 denique

320 1833 366 1880 ex
382 1815 607 1880 documentis
624 1815 843 1880 authenticis
858 1813 908 1896 (1)
925 1819 1070 1879 constat
1102 1814 1296 1879 Pontifices
1327 1813 1448 1878 Maxi·

316 1923 393 1970 mos
406 1904 511 1968 titulo
528 1904 629 1986 regio
643 1921 724 1968 esse
737 1904 928 1985 insignitos
945 1903 1171 1986 Hungariam
1190 1903 1317 1987 (1013),
1330 1901 1446 1968 Crea-

316 2012 404 2076 tiam
423 2010 552 2092 (1016),
569 2009 755 2074 Poloniam
773 2009 900 2093 (1080),
926 2009 1120 2092 Rogerium
1134 2007 1281 2076 Siciliae
1310 2007 1446 2091 (1139),

316 2117 541 2183 Lusitaniam
556 2117 684 2200 (1142),
698 2123 809 2198 atque
822 2115 1035 2182 Hiberniam
1052 2117 1181 2198 (1156).

406 2225 459 2288 3.⁰
506 2221 560 2288 Ex
572 2224 751 2307 petilioue3
769 2223 806 2286 in
823 2221 996 2304 Epistolis
1008 2221 1044 2288 S.
1060 2221 1232 2306 Gregorii
1254 2222 1324 2288 VII
1353 2221 1446 2304 legi-

317 2347 396 2394 mus
412 2329 525 2394 filium
541 2327 718 2394 Demetrii
734 2327 831 2410 regis
848 2328 999 2392 Russiae
1016 2330 1223 2411 postulasse
1240 2329 1287 2393 ab
1312 2327 1445 2394 eodem

316 2435 492 2500 Poutiflce
508 2436 654 2500 nornine
671 2435 858 2516 patrissui
876 2435 1041 2517 recipere
1057 2451 1211 2518 regnum
1237 2453 1258 2500 e
1276 2435 1447 2500 manibus

315 2541 352 2608 S.
368 2542 480 2623 Petri;
499 2559 651 2624 regnum
668 2541 880 2623 Hispaniae,
896 2541 1004 2622 Juxta
1020 2542 1270 2608 testimonium
1301 2540 1446 2606 laudati

316 2648 514 2729 Pontificis,
530 2649 607 2729 Jam
623 2647 841 2730 abantiquis
858 2648 1082 2730 temporibus
1115 2653 1152 2714 ct
1184 2652 1271 2714 ante
1303 2647 1446 2730 Agara·
1517 2677 1518 2713 t

317 2769 444 2818 norum
461 2753 687 2818 invasionem
700 2753 812 2818 fuisse
828 2753 868 2818 Β.
888 2753 995 2818 Petro
1030 2761 1298 2836 consecratum,
1316 2755 1444 2820 etiam·

317 2876 388 2942 que
405 2857 545 2940 epocha
562 2859 838 2924 restaurationis
862 2859 986 2941 plures
1014 2859 1203 2943 Principes
1235 2859 1445 2926 Saracenos
1516 2901 1517 2941 ,

317 2963 545 3028 debellantes
577 2981 600 3027 a
631 2961 766 3028 Sancta
797 2963 889 3028 Sede
924 2965 1142 3048 impetrasse
1174 2967 1444 3049 possessionem

316 3069 494 3134 ditionum
511 3086 575 3134 seu
592 3069 780 3150 territorii,
809 3087 832 3134 a
864 3087 934 3152 quo
962 3088 1025 3136 eos
1059 3071 1270 3153 ejiciebant,
1296 3071 1443 3138 nomine

316 3175 354 3241 S.
382 3175 492 3256 Petri;
522 3173 744 3240 Dalmatiam
772 3175 927 3257 demum,
956 3175 1155 3242 secundum
1183 3179 1443 3261 gregorianam

318 3281 618 3362 declarationem,
636 3298 659 3344 a
674 3279 710 3346 S.
731 3281 839 3347 Petro
856 3299 980 3364 regem
993 3283 1182 3365 accepisse
1205 3285 1265 3366 (1).

408 3387 594 3468 EJusrnodi
622 3386 725 3452 Beati
742 3387 840 3452 Petri
865 3391 1044 3470 protectio
1075 3408 1097 3454 a
1120 3389 1354 3474 Principibus
1371 3391 1442 3456 eni·
1513 3449 1514 3454 ,

318 3509 365 3556 xe
382 3493 626 3574 exoptabatur
650 3499 736 3556 tunc
764 3493 950 3575 temporis,
970 3495 1056 3576 quia
1084 3495 1248 3562 Romano
1277 3495 1443 3564 Pontifici

317 3597 513 3679 quamdam
529 3597 823 3680 superioritatem
840 3599 1055 3666 conferebat
1078 3601 1116 3668 in
1134 3603 1269 3668 bonum
1287 3603 1391 3686 pacis
1408 3609 1443 3666 et

318 3703 535 3784 populorum
563 3703 823 3786 defensionem,
841 3705 1020 3788 simulque
1047 3707 1207 3790 Regibus
1231 3709 1442 3792 imponebat

317 3807 512 3890 quamdam
540 3807 818 3890 dependentium
846 3810 921 3876 late
948 3811 1144 3896 feudalem,
1164 3831 1259 3897 quae
1289 3815 1338 3881 ab
1354 3815 1441 3898 ipsis

316 3915 485 3980 invocari
501 3919 645 3997 poterat
663 3931 728 3997 pro
745 3915 888 3981 tuendis
903 3917 1028 4000 regnis
1046 3927 1084 3984 et
1106 3921 1346 3988 asservandis
1362 3938 1442 4004 pro-

321 4085 507 4100 ————-

390 4191 431 4259 (1)
467 4189 548 4246 (loni.
561 4193 598 4246 de
610 4194 663 4247 hac
675 4209 705 4248 re
717 4193 1008 4252 Walter.—Muuuole
1018 4197 1101 4255 «Τηνία
1116 4198 1258 4268 Canonici,
1273 4203 1329 4256 vol.
1346 4200 1383 4254 11.

390 4263 429 4332 (1)
465 4261 529 4319 vid.
542 4261 633 4333 spat.
646 4264 674 4320 S.
685 4263 814 4334 Gregorii
827 4265 892 4336 Vll,
903 4269 951 4324 lib.
964 4271 1000 4336 ll,
1010 4271 1088 4340 epist.
1103 4271 1137 4326 'll
1149 4278 1180 4327 et
1192 4273 1241 4332 lib.
1253 4271 1314 4343 Vll,
1327 4271 1401 4340 epist.
1413 4271 1441 4322 t.
