3058 4994
548 404 729 463 -461-

80 546 147 610 lius
165 547 286 628 gentis
303 547 499 630 laesionem,
516 547 612 612 unde
639 547 738 612 natio
755 547 858 612 laesa
871 548 1075 614 naturalem
1088 549 1202 614 iacul-

80 655 193 716 tetem
212 652 336 736 babet,
354 654 448 720 sicut
463 653 674 720 individuae
686 670 878 736 personae,
898 653 1017 718 media
1034 655 1204 720 efficacia

80 757 276 824 adhibendi
295 761 376 828 sive
399 761 446 826 ad
476 781 548 827 eece
571 761 833 846 defendendam,
850 761 929 826 sive
953 760 1000 824 ad
1028 760 1203 842 injuriam

80 866 313 935 ateiecenctma
329 885 393 932 seu
411 885 477 932 sua
491 867 577 948 jura
593 868 790 952 repetenda.

163 972 242 1037 ψ
286 973 352 1038 Jus
369 974 456 1038 belli
474 974 682 1039 nationibus
706 974 892 1056 competit,
912 974 996 1057 quia
1016 974 1086 1038 hoc
1103 974 1203 1038 evin·

78 1080 124 1143 cit
140 1085 179 1144 et
197 1080 373 1163 postulat,
392 1087 467 1146 tum
477 1082 542 1167 jas
559 1082 758 1146 securitatis
774 1080 911 1164 (secum
936 1081 1128 1162 implicans
1144 1081 1206 1163 jus

77 1185 341 1269 indemnitatis,
368 1187 590 1252 defensionis
619 1192 656 1251 et
684 1187 983 1270 praecautionis),
1009 1192 1084 1252 tum
1112 1187 1202 1272 defe-

77 1301 149 1358 ctae
157 1294 299 1380 judicie
317 1295 546 1359 auctoritatis
576 1295 744 1358 coactiva
771 1295 810 1358 in
825 1293 1012 1376 litigantes
1030 1294 1091 1360 vel
1121 1311 1204 1358 con·

79 1401 273 1466 tendentes
290 1401 459 1484 praediti.

165 1509 244 1572 3.¹¹¹¹¹
288 1509 449 1574 Abolitio
479 1508 565 1573 belli
594 1508 746 1574 absolate
763 1506 944 1589 loquendo
969 1506 1207 1588 impossibilis

79 1621 145 1695 cst3
166 1618 316 1682 relative
330 1615 512 1700 loquendo
530 1615 724 1698 possibilis,
739 1615 803 1680 sed
821 1613 931 1680 valde
948 1614 1106 1680 difficilis
1125 1631 1206 1680 cen·

81 1721 197 1788 sanda
214 1729 283 1787 est.

167 1831 423 1914 impossibilem
457 1829 748 1912 nuncupavimus
777 1829 1011 1892 abolitionem
1039 1827 1127 1892 belli
1169 1827 1207 1890 in

82 1935 175 2002 thesi
205 1936 372 2018 generali
405 1941 441 2000 et
457 1953 566 2000 sensu
583 1936 750 2000 absoluto
780 1935 825 1998 ob
854 1934 943 1999 duas
976 1935 1137 1999 rationes
1170 1935 1207 1998 iu

83 2043 263 2126 principio
299 2042 458 2107 secundo
491 2041 680 2119 adductam
706 2043 906 2126 possibilem
939 2041 1209 2124 appellavimus

84 2147 362 2232 abrogationem
383 2148 469 2212 belli
487 2147 643 2212 relative
658 2152 852 2228 sumptam,
872 2146 958 2228 quie
976 2146 1111 2226 optime
1128 2145 1207 2208 fieri

83 2261 221 2337 posset,
239 2256 324 2320 utin
339 2255 463 2338 aliqua
477 2255 653 2319 societate
667 2253 940 2318 internetionali
954 2251 1025 2334 (en.
1040 2269 1095 2332 gr.
1111 2249 1210 2332 apud

84 2358 254 2445 Europae
272 2363 414 2443 gentes)
434 2362 468 2426 iu
488 2362 583 2425 hunc
600 2377 825 2425 communem
842 2360 949 2423 finem
967 2363 1077 2440 atque
1106 2359 1208 2439 opta-

84 2471 156 2532 tam
174 2469 393 2533 solutionem
409 2467 665 2549 perveniretur
682 2469 761 2530 vive
780 2465 911 2530 adhoc
940 2465 1135 2529 constituto
1153 2481 1208 2528 ar-

85 2572 221 2640 bitratu
239 2575 527 2653 internetionem,
555 2573 634 2636 sive
652 2573 880 2654 proclamata
897 2589 988 2654 pace
1017 2575 1209 2652 perpetua,

85 2681 163 2746 aive
193 2683 387 2746 verificata
416 2681 666 2746 dearmationa
697 2679 891 2760 (desarme)
926 2678 1102 2761 generali,
1131 2677 1212 2744 sive

85 2787 155 2852 alio
176 2805 405 2872 quocumque
439 2788 556 2852 medio
588 2787 751 2850 adhibito
782 2803 848 2868 per
878 2785 1000 2850 Status
1030 2785 1210 2849 communi

88 2895 230 2962 calculo
244 2902 406 2976 recepto;
426 2895 526 2959 ualde
540 2894 718 2979 difficilem
736 2892 878 2956 demum
896 2892 1213 2956 denominavimus

88 3001 385 3085 suppressionem
416 3001 502 3064 belli
532 3007 607 3064 tum
635 3003 787 3081 propter
811 2999 1044 3063 ambitionem
1075 2997 1210 3061 Princi-

89 3122 186 3190 pum,
223 3107 444 3172 dominatum
462 3107 622 3188 gentium
641 3111 749 3187 atque
766 3106 963 3187 egoismum
981 3103 1212 3186 populorum,

90 3217 163 3279 tum
182 3215 382 3296 praecipue
400 3213 445 3276 ob
464 3213 645 3278 detectum
662 3213 851 3276 efficaciae
868 3218 904 3276 et
921 3210 1119 3275 communis
1153 3225 1212 3272 ac·

90 3321 310 3403 captationis
327 3319 539 3401 mediorum,
555 3337 649 3402 quae
664 3320 839 3383 hacteuus
854 3323 994 3381 tentata
1006 3321 1102 3394 sunt,
1119 3319 1215 3378 teste

90 3427 342 3492 recentissima
360 3423 564 3490 Collatione
578 3429 680 3509 pacis
700 3431 834 3488 vocata
866 3431 902 3488 et
918 3423 1045 3504 Hagae
1064 3421 1215 3486 Comitis

93 3529 226 3614 (Haya)
244 3531 302 3596 die
323 3531 365 3594 18
383 3531 468 3594 Maii
487 3529 572 3594 1899
589 3531 697 3594 ductu
716 3530 967 3594 Autocratoris
983 3529 1134 3592 Russiae
1152 3527 1213 3590 ha-

91 3634 179 3720 bita,
197 3638 319 3720 gratia
333 3637 561 3720 proponendi
574 3635 733 3700 statibus
746 3623 914 3718 Europae
928 3641 1037 3718 atque
1051 3637 1089 3699 vi
1104 3635 1214 3698 actio·

94 3745 147 3810 nis
165 3747 424 3830 diplomaticae
448 3763 493 3810 ac
507 3745 725 3810 collectivae
758 3745 795 3808 in
822 3745 965 3826 praxim
998 3743 1215 3808 traducendi

97 3853 306 3931 generalem
323 3854 622 3932 decimationem
651 3868 721 3932 age
734 3851 823 3931 jam,
843 3867 966 3914 omnes
1000 3855 1134 3914 norunt.
1168 3865 1215 3912 ex

97 3955 578 4024 bocinternationalicoetu
609 3962 646 4022 et
677 3957 851 4038 injuriose
882 3957 1068 4020 exclusam
1103 3955 1217 4018 fuisse

102 4067 309 4150 (singularis
327 4067 567 4131 contradictio
595 4071 631 4129 et
648 4081 734 4128 rara
762 4062 1066 4148 incohaerentiat)
1097 4062 1214 4144 legiti-

98 4187 249 4238 mamac
279 4191 487 4256 supremam
515 4177 735 4257 potestatem
764 4189 890 4236 veram
921 4187 1049 4254 pacem
1081 4171 1119 4235 in
1147 4171 1217 4235 hoc

99 4280 227 4345 mundo
245 4287 597 4364 repraesentantem,
617 4281 817 4346 Romanum
833 4279 974 4346 scilieet
990 4277 1216 4360 Pontificem,
