3062 4994
531 331 735 436 '-1ee-ss

25 569 26 574 ,
96 519 335 598 argumentum
349 534 462 584 verae
477 519 776 602 praescriptionis
793 519 897 586 nobis
915 520 1125 604 suppeditat
1138 539 1206 604 pro

98 621 269 690 Ecclesiae
301 625 420 690 denuo
452 626 675 694 vindicanda
707 631 890 709 potestate
923 628 1137 712 acquirendi
1170 634 1208 694 et

98 730 305 812 possidendi:
326 732 528 814 enimvero,
543 733 745 798 certissime
763 737 906 798 constat
922 732 1125 800 Ecclesiam
1143 733 1208 799 Oa-

25 897 26 900 ,
95 836 254 904 thelicam
272 857 294 902 a
323 839 397 904 suis
420 840 652 904 incunabulis
681 840 728 904 sd
756 845 882 906 nostra
910 858 1024 923 usque
1043 847 1209 924 tempora

25 961 26 970 ¹
92 943 143 1024 jus
165 945 259 1010 bona
288 946 507 1028 temporalia
531 946 640 1012 etiam
668 947 869 1012 immobilia
899 945 1136 1029 comparandi
1163 964 1209 1011 ac

97 1051 262 1116 retinendi
279 1051 528 1118 indesinenter
544 1054 765 1135 exercuisse,
781 1061 856 1118 tum
873 1060 960 1118 ante
977 1070 1106 1136 pacem
1124 1069 1207 1118 oon·

94 1158 357 1240 stantinianam,
376 1165 451 1222 lum
468 1165 551 1242 post
573 1159 780 1224 libertatem
806 1177 871 1242 per
889 1159 1057 1224 Edictum
1075 1158 1208 1224 Medio·

25 1325 26 1328 ,
97 1261 234 1329 lunense
252 1265 437 1348 adeptam.

172 1372 221 1436 l.⁰
270 1373 476 1456 Antequam
493 1391 582 1438 vero
612 1359 872 1438 Constantinus
903 1371 1056 1454 Magnus
1081 1389 1210 1453 pacem

96 1473 274 1558 Ecclesiae
291 1480 521 1560 concederet,
541 1481 622 1562 ipsa
652 1481 748 1544 bona
766 1479 985 1562 temporalia
1002 1479 1081 1542 sive
1098 1478 1209 1542 stabi·

97 1580 139 1646 lia
167 1585 248 1650 sive
278 1586 458 1668 frugifera
487 1586 684 1670 acquisivit
716 1591 752 1650 et
779 1585 954 1670 possessit
985 1595 1058 1648 tam
1087 1591 1210 1649 aetate

94 1693 300 1773 apostolica,
316 1710 425 1776 quam
442 1695 582 1776 epocha
595 1693 900 1776 persecutionum:
917 1699 1028 1758 aerata
1046 1693 1209 1776 apostoli·

94 1815 142 1878 ca;
157 1816 253 1880 uam,
272 1799 303 1863 si
317 1800 515 1880 primordia
529 1799 717 1865 Ecclesiae
731 1805 957 1882 spectentur,
978 1798 1136 1862 dubitari
1150 1816 1209 1863 ne·

95 1904 174 1986 quit,
193 1907 281 1988 quin
306 1905 398 1971 haec
415 1907 487 1971 illis
505 1907 668 1990 pristinis
685 1911 722 1970 et
750 1907 962 1988 apostolicis
987 1905 1210 1988 temporibus

98 2007 179 2074 bona
207 2013 389 2095 habuerit,
409 2017 460 2078 uti
477 2020 605 2096 aperte
622 2015 805 2098 colligitur
824 2033 870 2080 ex
888 2014 1038 2080 Actibus
1057 2015 1208 2096 Aposto-

25 2167 26 2172 ,
97 2113 215 2182 lorum:
237 2118 406 2204 Quotquot
430 2123 520 2186 caim
540 2143 756 2206 possessores
772 2142 935 2208 aprorum
954 2129 1015 2186 aut
1033 2121 1211 2186 domorum

25 2249 26 2254 ¹
96 2233 196 2306 eraut,
214 2227 396 2292 vendentes
413 2228 611 2314 afferebant
622 2229 739 2312 pretia
767 2248 882 2294 eorum
907 2248 994 2312 quae
1012 2227 1210 2308 vendebant,

96 2336 124 2392 el
139 2333 314 2414 ponebant
342 2340 421 2398 uate
446 2335 554 2418 pedes
570 2333 814 2418 Apostolorum
831 2335 892 2415 (1):
911 2333 1038 2418 epocha
1050 2353 1211 2417 persecu-

96 2436 233 2519 tionum,
251 2439 419 2520 quamvis
448 2440 557 2518 enirn,
587 2440 1056 2522 saevientepersecutione,
1087 2439 1211 2504 Eccle-

96 2543 162 2606 siae
191 2543 288 2608 bona
316 2545 692 2628 fueruntplerumque
720 2563 779 2610 res
809 2545 960 2610 mobiles
989 2563 1035 2610 ex
1052 2545 1211 2611 fidelium

96 2651 299 2729 spontaneis
327 2651 582 2732 largitionibus
611 2657 859 2735 comparatae,
891 2651 1055 2716 Ecclesia
1088 2659 1211 2716 tamen

99 2771 154 2834 per
169 2757 260 2822 illud
286 2759 459 2840 temporis
477 2759 633 2840 spatium
651 2759 754 2824 bonis
772 2758 963 2822 stabilibus
979 2775 1051 2823 nou
1068 2760 1212 2840 penitus

97 2865 216 2946 caruit,
237 2865 288 2928 uti
303 2866 494 2932 manifeste
512 2867 661 2930 eruitur:
681 2865 709 2950 ⁵)
723 2885 769 2930 ex
786 2869 968 2930 sententia
987 2876 1032 2931 ab
1049 2867 1212 2948 Impera-

99 2977 168 3034 tore
194 2971 406 3036 Alexandro
434 2971 571 3038 Severo
599 2973 687 3055 lata,
708 2973 780 3056 qui,
800 2977 893 3038 teste
921 2973 1130 3056 Lampridio
1149 2974 1210 3054 (2),

100 3072 191 3140 “cum
216 3077 406 3142 christiani
434 3079 626 3162 quemdam
642 3080 774 3159 locum,
794 3080 856 3162 qui
885 3080 1051 3162 publicus
1076 3081 1209 3159 iuerat,

99 3191 344 3267 occupassent,
360 3193 488 3250 contra
505 3187 687 3269 popinarii
705 3186 869 3251 dicerent
887 3187 955 3251 sibi
972 3204 1053 3251 eum
1071 3185 1209 3266 deberi,

99 3291 278 3373 rescripsit
295 3291 422 3356 melius
440 3311 520 3356 esse
538 3297 576 3357 ut
600 3292 936 3376 quomodocumque
965 3293 1015 3356 ibi
1031 3291 1129 3355 Deus
1155 3307 1212 3354 co·

100 3392 199 3480 latur,
217 3415 327 3480 quam
356 3399 557 3482 popinariis
573 3399 762 3482 dedatur“;
779 3397 806 3478 1’)
825 3417 871 3464 ex
897 3399 1080 3464 decisione
1097 3397 1212 3479 Impe-

100 3505 221 3569 ratoris
238 3505 441 3586 Aureliani,
460 3507 533 3589 qui,
556 3505 657 3570 “cum
674 3506 807 3570 Paulus
824 3505 1093 3586 Samosatenus,
1106 3505 1214 3586 juxta
1263 3507 1266 3516 '

99 3607 319 3677 Thomassini
336 3615 578 3678 testimonium
598 3615 659 3696 (3),
680 3631 817 3678 morem
834 3629 963 3696 gerere
990 3613 1214 3677 detrectaret

100 3715 237 3786 decreto
257 3718 410 3786 Ooncilii
437 3721 655 3786 Antiochiae
680 3720 859 3786 adversus
875 3739 956 3785 eum
985 3719 1213 3801 congregati,

101 3841 163 3890 nee
178 3829 274 3896 domo
300 3827 477 3894 Ecclesiae
501 3828 681 3894 excedere
700 3828 826 3910 vellet,
841 3828 951 3908 jussit
967 3827 1021 3890 illi
1052 3844 1131 3890 eam
1153 3824 1214 3888 ad·

168 4131 202 4196 (1)
237 4129 305 4198 Oap.
317 4131 369 4195 IV,
380 4146 425 4184 vv.
439 4133 472 4182 34
484 4133 565 4184 atto.

167 4204 204 4266 (2)
238 4197 312 4256 Hist.
326 4203 440 4270 Aupust.
454 4217 517 4268 pag.
533 4204 591 4267 lbi,
605 4201 673 4254 edit.
687 4201 775 4253 Paris.

168 4274 205 4338 (t)
237 4269 305 4327 Noe.
318 4279 347 4328 et
367 4271 422 4328 Ver.
436 4267 510 4325 Eecl.
524 4269 641 4340 Disciprl.
656 4277 727 4339 part.
740 4270 792 4339 ΙΙΙ,
804 4267 853 4324 lib.
865 4269 889 4336 1,
901 4283 961 4337 cap.
976 4271 1001 4322 3.
