3058 4994
549 403 731 460 -441-

89 543 189 608 clieta
206 543 459 609 adstruebant:
478 544 506 625 ⁸)
524 566 621 611 nemo
638 547 803 611 ditescere
831 546 904 610 vait
921 565 998 610 eum
1028 546 1121 612 alius
1148 547 1203 612 de·

88 650 246 731 triniatim
263 647 290 730 ¹³)
319 652 378 734 qai
409 651 613 716 antecedens
645 651 810 733 admittit,
829 671 1005 716 necessum
1034 660 1083 717 est
1099 654 1204 717 etiam

86 756 236 822 admittet
254 777 475 840 conscensum
495 760 519 837 ⁰)
549 759 607 842 ani
639 759 815 825 commoda
843 759 961 838 sentit,
987 759 1204 823 incommoda

87 881 205 945 qaoque
217 865 332 928 subire
351 871 495 928 tenetes.

164 969 239 1033 107.
289 969 345 1032 Ex
362 971 590 1051 praenotatis
603 988 757 1053 pronum
784 973 840 1034 est
858 970 1053 1051 ⁴conjicere
1085 971 1203 1052 quasi·

85 1080 285 1140 contractus
303 1077 607 1141 internetionales
624 1085 724 1142 recte
738 1076 809 1140 dici
821 1093 942 1158 posse:
961 1083 1059 1140 actas
1068 1077 1203 1162 juridi-

84 1183 245 1266 ciqaibas
269 1182 390 1249 Status
406 1185 441 1248 ei
459 1185 648 1250 voluntatis
671 1190 919 1268 praesumptae
945 1183 1205 1268 obstringuntur

82 1291 391 1377 rationejastitiae,
410 1293 597 1375 aequitatis
609 1292 662 1356 oei
678 1293 856 1357 utilitatis.

163 1395 369 1462 Definiendi
408 1415 495 1480 argo
529 1399 861 1480 quasi-contractus
902 1396 1204 1461 internetionalcs

83 1505 185 1583 atque
202 1503 445 1586 obligationes
454 1505 644 1586 juridicas,
661 1521 755 1586 quae
768 1522 813 1568 ex
826 1501 955 1568 iisdem
972 1503 1204 1584 proficiscun-

84 1611 148 1690 tur,
167 1617 450 1675 consentaneum
478 1611 582 1676 nobis
600 1610 745 1676 videtur
762 1611 822 1675 vel
851 1611 985 1674 leviter
1017 1609 1205 1674 insinuare

85 1714 279 1781 doctrinam
293 1717 394 1782 turis
412 1719 532 1782 civilis
544 1718 614 1782 hac
630 1736 740 1800 super
757 1736 810 1782 re.
829 1717 942 1782 Juxta
958 1717 1128 1781 Instituta
1145 1716 1164 1781 J
1169 1734 1205 1779 u-

85 1821 237 1906 stinisni,
255 1824 392 1909 Legem
408 1825 643 1906 Partitarnm3
658 1843 801 1890 necnon
829 1827 1025 1912 plerosque
1054 1823 1205 1903 Codices

85 1933 300 1996 recentiores
318 1931 406 1997 Jure
424 1933 585 1996 Romano
603 1933 760 2012 innixos,
795 1949 861 1996 sex
894 1933 1117 2015 praecipuae
1150 1950 1205 1997 re·

86 2044 271 2102 censentur
288 2039 634 2122 quasi-contractus,
669 2039 848 2104 nimirum:
880 2041 1011 2104 solutio
1037 2039 1203 2120 indebiti;

85 2146 284 2220 procuratio
297 2145 528 2228 negotiorum
546 2146 747 2210 alienorum
781 2145 859 2210 sine
889 2146 1074 2232 mandat03
1095 2145 1205 2208 admi-

87 2250 243 2316 nistratio
262 2253 439 2317 bonorum
457 2254 712 2334 communium;
730 2255 940 2335 procuratio
967 2259 1076 2334 atque
1094 2251 1204 2315 admi-

86 2358 241 2424 nistratio
260 2361 398 2425 tutelae
415 2361 571 2441 alienam
590 2361 796 2441 acceptatio
814 2359 1068 2438 haereditatis;
1087 2375 1130 2422 ac
1146 2357 1204 2422 de-

88 2481 173 2530 mum
189 2467 457 2533 administratio
477 2468 637 2550 ejusdem
656 2465 907 2531 haereditatis.

165 2573 218 2638 Ex
246 2576 454 2638 memoratis
473 2572 844 2656 quasi-contractibus
875 2577 949 2635 tres
967 2572 1109 2653 priores
1127 2573 1205 2634 tan·

87 2683 153 2744 tum
169 2681 204 2745 in
220 2681 241 2744 J
245 2698 308 2745 ure
325 2681 604 2745 internetionali
618 2681 736 2744 locum
751 2677 928 2759 obtinent,
949 2679 1205 2760 obligationes·

88 2799 150 2863 que
166 2787 262 2868 apud
287 2793 415 2869 gentes
432 2787 583 2869 gignere
597 2792 760 2869 possunt,
776 2787 827 2850 uti
841 2803 887 2850 ex
899 2786 1056 2867 simplici
1081 2803 1206 2850 eorum

88 2895 326 2958 enuntiatione
352 2895 583 2958 manifestum
616 2895 690 2958 fiet:
709 2894 835 2959 rotatio
867 2893 1012 2958 indebiti
1029 2897 1085 2956 est
1102 2895 1206 2956 actus

86 2994 250 3072 juridicus
268 3017 331 3064 scu
350 3001 685 3081 quasi-contractus
704 3000 945 3080 unilateralis‚
961 3009 1031 3081 quo
1046 3004 1120 3062 tum
1135 2997 1205 3079 prl-

89 3107 157 3167 vati
174 3109 247 3170 tum
259 3104 387 3170 Status
407 3107 694 3188 praestationem
724 3107 926 3189 quamlibet
958 3111 1020 3168 aut
1045 3123 1122 3168 rem
1140 3121 1206 3184 per

89 3223 240 3276 errorem
253 3219 442 3294 receptam
463 3212 617 3276 reddere
634 3218 804 3277 tenentur
822 3229 902 3276 curn
920 3213 994 3275 suis
1013 3211 1204 3290 fructibus3

83 3319 278 3396 procuratio
296 3321 508 3404 negotiorum
523 3321 718 3386 alienorum
734 3322 809 3384 siae
825 3320 989 3383 martdato
1008 3318 1079 3380 sita
1097 3321 1152 3380 est
1169 3317 1207 3381 in

90 3430 165 3488 actu
173 3425 330 3506 juridico
344 3443 408 3489 seu
423 3427 739 3508 quasi-contractu
755 3425 947 3504 bilaterali,
959 3424 995 3487 vi
1009 3425 1111 3504 cujus
1126 3439 1205 3503 per.

89 3545 169 3594 sona
185 3533 371 3615 quaelibet
385 3533 582 3614 singularis
612 3532 672 3596 vel
701 3533 898 3596 collectiva
915 3532 1012 3595 bona
1031 3530 1207 3612 derelicta

90 3636 233 3703 alterius
250 3655 432 3721 personae
449 3639 684 3703 individualis
702 3643 765 3702 aut
794 3637 941 3702 socialis
975 3637 1207 3700 administrat

91 3741 217 3828 absque
235 3747 314 3826 ejus
346 3745 601 3808 commissione
620 3744 680 3807 vel
698 3743 1054 3825 repraesentatione,
1073 3758 1207 3822 exque

90 3851 224 3932 exurgit
237 3856 361 3914 mutuo
375 3851 563 3932 obligatio,
578 3867 760 3933 personae
773 3849 916 3930 gerenti
930 3865 1058 3911 munus
1072 3849 1207 3910 incum-

90 3951 135 4018 bit
151 3957 245 4022 bona
257 3957 413 4022 fideliter
430 3957 658 4022 custodiendi
671 3957 877 4038 damnaque
895 3953 1156 4038 praecavendi,
1171 3954 1208 4018 et

91 4077 258 4142 personae
277 4067 518 4130 beneficiatae
535 4066 692 4129 officium
706 4065 801 4128 inest
814 4065 1028 4144 ministeria,
1044 4068 1208 4144 sumptus

91 4184 128 4232 ac
143 4189 320 4256 expensas
340 4173 570 4255 procuratori
587 4171 873 4254 redintegrandi3
888 4171 1136 4236 administratio
1153 4171 1207 4236 ba·

95 4295 206 4345 aarum
224 4283 452 4347 communium
469 4280 506 4343 in
534 4281 618 4343 actu
631 4277 788 4360 juridico
812 4295 877 4342 sen
895 4278 1208 4360 quasi-contractu
