3058 4994
790 355 966 414 ..434-

319 519 427 586 quam
451 517 509 564 res
526 500 669 582 penitus
694 499 938 582 reprobanda,
956 517 1024 566 nec
1041 500 1298 584 acceptatione
1310 500 1435 583 digna,

318 625 436 691 neque
452 607 678 672 exsecutioni
691 607 909 672 mandanda.

407 715 461 780 98.
510 711 675 778 Foedera
692 713 839 796 publica
855 713 1098 778 diversimode
1126 712 1300 794 distingui
1320 730 1365 776 ac
1382 713 1438 776 de-

317 821 497 887 nominari
514 821 645 902 solent3
664 820 858 886 brevitatis
875 822 996 902 gratia
1013 820 1094 885 heic
1111 820 1332 903 praecipuas
1350 819 1438 884 divi·
1505 845 1506 882 r

317 932 437 994 aiones
454 927 716 1010 subiungimus.

406 1035 521 1099 Paete
546 1035 848 1098 internetionalia
876 1039 1028 1116 possunt
1056 1051 1149 1099 esse:
1180 1033 1231 1099 1.⁰
1258 1035 1376 1100 realia
1404 1039 1438 1098 ct

310 1142 532 1230 personalia·
549 1143 663 1206 realia
679 1147 861 1206 vocantur
878 1159 972 1223 qnae
997 1142 1096 1206 circa
1113 1143 1306 1206 materiam
1323 1141 1437 1205 deter-

317 1253 491 1317 minatam
508 1254 718 1328 versantur,
737 1247 859 1314 Status
884 1247 1114 1330 obstringunt
1138 1255 1175 1312 et
1192 1247 1265 1312 vim
1284 1247 1437 1330 cogendi

316 1357 502 1422 indefinite
526 1354 673 1436 habena
692 1356 896 1439 personalia
913 1356 1145 1419 nominantur
1169 1371 1263 1438 quae
1281 1355 1328 1418 de
1345 1371 1436 1418 com·

316 1463 496 1548 ponendis
510 1462 666 1542 negotiis
684 1462 779 1525 inter
792 1461 1008 1526 Monarchae
1022 1463 1082 1526 vel
1100 1461 1194 1526 inter
1210 1461 1312 1544 ipsos
1331 1468 1437 1543 atque

315 1571 481 1654 privatos
511 1567 705 1648 disserunt,
731 1567 885 1650 ideoque
913 1567 1076 1632 Summos
1102 1567 1334 1650 Imperantes
1361 1575 1434 1631 tan·

315 1688 391 1742 tum
408 1675 570 1756 adigunt,
585 1677 732 1756 vimque
750 1675 1007 1755 obligatoriam
1027 1693 1092 1756 pro
1111 1683 1276 1756 tempore
1291 1675 1433 1738 delinito

314 1784 491 1862 obtinent,
522 1782 703 1862 nimirum,
735 1782 886 1846 vivente
918 1789 981 1846 aut
1012 1787 1190 1863 regnante
1222 1781 1431 1858 Monaroba3

315 1907 439 1955 eorum
464 1889 557 1951 ratio
586 1889 622 1952 in
650 1887 738 1951 iure
756 1887 1035 1952 Internationali
1063 1905 1136 1952 non
1163 1888 1334 1969 babetur,
1352 1890 1431 1970 quia

315 2013 491 2080 personas
519 1995 742 2059 solummodo
773 1995 950 2076 alliciunt,
971 2003 1058 2077 puta
1073 1995 1351 2060 celeberrimum
1374 2013 1430 2077 pa·

315 2111 410 2168 ctum
428 2103 551 2183 stirpis
568 2101 793 2165 Borbonieae
811 2103 875 2165 sub
894 2101 1061 2184 Philippo
1078 2102 1109 2164 V
1127 2103 1268 2166 initum:
1290 2103 1343 2165 2⁰
1356 2123 1428 2186 per-

307 2217 417 2296 petua
434 2215 470 2271 ct
498 2207 713 2301 temporalia,
732 2208 868 2287 passim
887 2210 1131 2292 permanentia
1161 2215 1197 2271 et
1226 2209 1428 2272 traneitoria
1507 2171 1508 2266 l

313 2317 720 2396 nuncupata;'perpetna
748 2329 811 2376 sen
835 2315 1085 2396 permanentia
1110 2313 1345 2395 appellantur
1370 2313 1428 2377 illa

314 2439 466 2506 quorum
496 2419 731 2485 observantia
758 2425 922 2501 tempore
952 2421 1196 2484 continuone
1225 2422 1425 2485 successivo

312 2528 499 2612 perdurat,
519 2525 570 2589 uti
604 2523 729 2588 foedus
748 2525 1014 2607 commerciale;
1033 2527 1241 2614 temporalia
1260 2533 1324 2590 aut
1340 2534 1425 2591 tran·

265 2673 272 2688 ·
313 2637 438 2700 sitoria
467 2631 744 2696 denominantur
776 2649 820 2695 ea
849 2649 1001 2713 quorum
1031 2632 1245 2715 adimpletio
1259 2633 1301 2696 fit
1329 2633 1423 2696 unico

314 2749 399 2805 actu
427 2749 463 2803 et
492 2744 655 2820 tempore
686 2737 939 2820 determinato,
959 2739 1061 2803 velut
1086 2745 1234 2822 pactum
1258 2740 1425 2804 cessionis

314 2845 557 2910 territorinlis:
578 2846 738 2928 aequalia
762 2849 798 2908 et
822 2845 1033 2928 inaequalia,
1054 2853 1162 2928 prout
1187 2855 1346 2911 mutuam
1370 2847 1423 2910 sti·

313 2955 486 3038 pulantur
511 2951 773 3033 paciscentium
791 2952 1051 3032 obligationem
1069 2965 1154 3036 [quo
1171 2954 1209 3018 in
1226 2969 1314 3019 casu
1326 2959 1423 3038 pacta
1508 2939 1509 2954 ¹

313 3060 602 3146 epnallapmatica
619 3065 717 3121 recte
735 3059 939 3138 vocantur),
960 3059 1021 3122 vel
1038 3060 1142 3123 unius
1160 3063 1301 3124 tantum
1319 3059 1422 3142 partis

314 3168 573 3249 obligationem
605 3163 780 3228 inducunt
812 3169 863 3244 (et
896 3171 981 3228 tunc
1014 3165 1161 3247 saepius
1197 3168 1422 3232 conventiones

314 3273 489 3355 audiunt):
504 3271 722 3356 principalia
741 3279 778 3333 et
801 3273 1010 3350 accessoria·
1021 3274 1243 3356 principalia
1272 3271 1420 3338 conside·

313 3362 441 3444 rantirr
466 3393 559 3460 quae
579 3393 641 3458 per
659 3393 698 3440 se
726 3379 937 3458 subsistunt;
957 3381 1134 3444 acceeoria
1151 3387 1235 3444 sunt
1264 3398 1356 3463 quae
1381 3377 1420 3440 ab

314 3487 386 3549 alio
405 3483 622 3566 dependent,
638 3483 690 3545 uti
708 3484 898 3564 pactiones
916 3485 1080 3564 pignoris
1096 3491 1133 3548 et
1149 3485 1375 3567 hypothecae
1390 3483 1420 3544 in

314 3592 519 3655 cautionem
547 3588 705 3652 foederis
730 3590 944 3669 principalis
973 3591 1183 3672 stipulatae:
1202 3592 1420 3658 nominataet

313 3698 543 3776 irrreominaia;
572 3694 740 3758 dicuntur
770 3697 949 3760 nominata
990 3711 1033 3760 en
1068 3713 1162 3778 quae
1190 3713 1320 3762 nomen
1348 3711 1418 3776 pro·

313 3805 431 3886 prium
456 3819 500 3864 ac
528 3801 713 3882 singulare
741 3801 776 3862 in
794 3800 883 3866 Jure
912 3803 1073 3884 gentium
1104 3803 1280 3881 obtinent,
1300 3815 1415 3880 engi·

313 3917 424 3992 pacta
456 3909 661 3987 confinium,
696 3908 883 3990 cassionis,
920 3907 1188 3993 extraditionis,
1218 3912 1360 3992 aliaque
1386 3901 1417 3966 id

313 4033 440 4096 genus;
459 4017 676 4080 innominata
705 4031 724 4078 e
743 4021 871 4078 contra
888 4023 1144 4097 nuncupantur
1163 4033 1257 4099 quae
1274 4010 1416 4081 denomi-

313 4121 462 4184 natione
486 4122 636 4203 propria
652 4121 689 4184 in
716 4119 737 4184 J
740 4137 804 4184 ure
821 4120 1101 4186 Internationali
1118 4130 1258 4206 carent,
1278 4122 1414 4200 ideoque

314 4226 498 4308 designari
512 4227 630 4292 solent
643 4229 736 4292 sient
749 4227 787 4290 in
799 4226 1037 4294 ordineoivili
1051 4245 1118 4310 per
1130 4229 1319 4296 formulam
1333 4237 1414 4290 com·
1498 4260 1502 4295 r
