3096 4986
788 343 947 404 ..50-

304 487 411 552 liticie
428 493 490 550 aut
504 487 636 552 bellicis
649 486 864 568 (quusmodl
880 491 987 552 erant
1000 486 1123 552 cilicia
1134 485 1290 568 syndici,
1301 482 1440 565 jurati,

304 593 525 676 legislatoris
543 601 579 658 et
596 594 747 672 militis):
762 592 816 658 3.⁰
830 593 1082 658 liberationem
1101 594 1148 656 ab
1164 591 1336 657 oneribus
1353 606 1443 654 sae-

305 701 501 782 cularibus,
517 705 593 766 tum
601 701 847 786 personalibus
861 707 964 783 (puta
984 707 1072 764 taxa
1089 699 1326 782 capitationis
1343 696 1444 760 alia-

305 825 375 891 que
389 809 523 872 tributa
533 825 598 890 pro
613 807 808 872 individuis
822 809 1100 890 imposita),tum
1109 805 1442 892 patrimonialibus,

306 915 439 979 etenim
456 914 629 979 immunia
645 913 889 979 censebantur
902 931 974 978 non
989 913 1094 977 modo
1112 913 1210 978 bona
1227 909 1440 992 Ecclesiae,

305 1020 370 1085 sed
386 1029 422 1086 et
438 1021 646 1102 personalia
662 1020 876 1084 clericorum
893 1021 1036 1085 ratione
1048 1035 1229 1100 personae
1242 1034 1389 1082 sacrae.

393 1127 604 1192 Immunitas
636 1127 758 1192 localia
791 1127 1000 1208 appellatur
1031 1126 1175 1192 liberior
1203 1125 1291 1189 locis
1320 1123 1443 1188 aceris
1533 1182 1534 1186 ,

306 1241 495 1317 competens
507 1234 550 1298 cb
562 1253 599 1298 eo
613 1233 717 1308 omni,
733 1233 822 1316 quod
834 1253 950 1298 eorum
961 1231 1362 1298 sanctitatemdedeceai:
1372 1227 1443 1292 du-

307 1357 347 1404 as
367 1349 491 1422 partes
509 1339 773 1422 complectitur,
793 1339 972 1418 nimirum,
991 1339 1260 1421 exemptionem
1277 1336 1323 1400 ab
1337 1335 1444 1400 omni

306 1453 390 1510 actu
399 1446 551 1530 profano
569 1445 844 1526 (jurisdictione,
860 1446 1107 1526 negotiatione
1125 1453 1162 1508 et
1175 1441 1444 1525 associatione)

306 1559 415 1636 atque
432 1553 684 1618 liberationem
698 1552 743 1615 ab
759 1553 854 1616 omni
869 1559 953 1616 actu
966 1553 1126 1632 violento,
1144 1551 1239 1616 unde
1252 1551 1313 1632 jus
1324 1549 1440 1630 asyli,

306 1678 376 1743 quo
394 1660 511 1742 pasim
529 1657 751 1740 designatur:
770 1660 971 1724 immunitas
1003 1678 1064 1723 eeu
1074 1658 1339 1742 praerogatiua,
1365 1674 1444 1738 qun

305 1767 376 1832 reis
392 1765 439 1830 ad
462 1764 654 1830 Ecclesium
670 1765 942 1850 confugientibus
964 1771 1173 1849 praestatur
1189 1763 1375 1842 eacumina,
1396 1779 1443 1824 ne

306 1872 341 1935 ni
354 1877 386 1936 et
402 1871 565 1936 uiolentia
582 1869 720 1935 ecirclti
727 1869 877 1954 possint.
966 1892 973 1904 ¹

396 1975 607 2040 Immunitas
623 1975 731 2040 realis
746 1975 877 2038 dieitur
888 1975 1059 2058 exemptio
1077 1975 1242 2040 bonorum
1255 1973 1444 2040 Ecclesiae
1535 2053 1536 2066 χ

307 2081 491 2166 republicis
521 2080 754 2164 uectigalibus:
773 2077 939 2143 Ecclesia
971 2085 1106 2160 autem,
1141 2079 1226 2144 dum
1256 2078 1443 2160 ejusmodi

307 2187 501 2270 privilegio
519 2187 609 2252 reali
622 2186 733 2250 lrulta
746 2193 814 2267 est,
840 2203 906 2267 pro
923 2187 1168 2251 resarciendis
1201 2188 1441 2270 quibuscum-

308 2309 377 2376 que
387 2291 540 2374 jacturis
558 2291 619 2356 vel
632 2291 784 2370 damnis,
805 2309 898 2374 quae
916 2309 962 2356 ex
987 2292 1258 2358 condonatione
1286 2293 1348 2358 vel
1381 2310 1442 2356 re-

307 2399 477 2464 missione
494 2397 906 2479 vectigaliumsociotatl
924 2398 1025 2462 civili
1045 2405 1108 2462 aut
1125 2399 1272 2482 publico
1288 2399 1442 2462 aerario
1536 2481 1537 2486 Ἰ

308 2505 411 2586 sequi
424 2509 583 2586 possent,
596 2503 820 2584 reipublicae
836 2503 1061 2568 concedebat
1073 2505 1233 2569 subsidia
1246 2521 1358 2586 super
1376 2505 1443 2568 bo·
1536 2489 1537 2492 ¹

308 2627 357 2672 na
370 2609 631 2688 ecclesiastica,
651 2607 831 2672 interdurn
847 2609 955 2674 etiam
973 2610 1073 2690 ipsas
1092 2610 1268 2692 decimas,
1288 2627 1441 2675 necnon

309 2731 376 2778 sua
392 2713 542 2796 praedia
559 2715 619 2778 vel
637 2732 760 2779 eornm
777 2713 952 2795 redditus,
969 2716 999 2778 si
1015 2716 1052 2778 in
1066 2716 1350 2780 necessitatibus
1376 2734 1444 2780 ex-

312 2819 566 2884 traordinariis
582 2825 794 2886 versaretur
810 2819 943 2901 Status3
964 2827 1127 2886 attamen
1145 2821 1349 2887 Concilium
1366 2821 1440 2887 La-

309 2932 505 2992 teranense
520 2925 574 2990 III
591 2943 672 2990 can.
692 2925 779 2990 XIX
797 2927 923 2990 statuit
940 2928 1184 3008 quantitatem
1198 2929 1339 3009 judicio
1358 2927 1444 2993 Cle·

310 3031 342 3096 ri
359 3037 395 3094 et
413 3029 672 3112 Episcoporum
691 3047 771 3094 esse
789 3029 1042 3111 deliniendam
1057 3049 1139 3096 cum
1151 3049 1242 3097 vero
1258 3031 1389 3098 Olerus
1405 3039 1446 3096 et

311 3136 483 3219 Episcopi
499 3136 609 3200 facile
625 3135 857 3218 indulgerent
873 3137 934 3200 vel
951 3155 1062 3218 aegre
1093 3139 1268 3202 resistere
1285 3147 1445 3221 possent

310 3243 558 3308 immoderatis
575 3241 782 3324 Principum
799 3242 1065 3327 exactionibus,
1100 3243 1356 3310 Lateranense
1389 3243 1445 3310 IV

311 3365 392 3413 can.
411 3347 539 3430 XLVI,
559 3353 706 3429 praeter
730 3347 999 3429 beneplacitum
1029 3347 1203 3432 Episcopi
1221 3357 1258 3416 et
1274 3349 1374 3416 Cleri
1394 3369 1445 3416 ex

311 3453 462 3534 antiqua
478 3454 560 3534 lege
574 3453 650 3532 Jam
677 3453 902 3536 requisitum,
933 3453 1098 3518 decrevit
1112 3455 1151 3518 in
1168 3463 1358 3538 posterum
1377 3475 1444 3520 ex-

311 3557 505 3638 petendum
524 3575 738 3622 consensum
757 3565 865 3641 atque
881 3558 1087 3624 habendam
1105 3577 1186 3625 esse
1200 3563 1445 3645 approbatio-

311 3677 393 3724 nem
411 3657 547 3725 Summi
564 3661 758 3727 Pontificis.

393 3763 607 3828 Praedictae
623 3767 865 3838 immunitates
880 3787 901 3832 a
914 3769 1056 3850 legibus
1074 3770 1245 3836 civilibus
1258 3773 1296 3836 in
1314 3773 1445 3856 regnis

313 3867 501 3930 catholicis
519 3871 822 3954 agnoscebantur,
843 3872 940 3955 apud
958 3875 1113 3956 populos
1140 3876 1365 3943 christianos
1383 3896 1445 3943 co-

312 3973 481 4037 lebantur
499 3976 609 4054 atque
626 3989 691 4056 per
710 3976 825 4058 Reges
843 3987 880 4042 et
910 3979 1101 4062 Principes
1118 3983 1444 4066 custodiebantur,

314 4077 378 4142 sed
394 4093 416 4138 a
429 4079 575 4141 saeculo
592 4077 677 4143 XVI
694 4099 776 4164 quo,
792 4083 960 4149 relaxata
978 4085 1039 4149 vol
1054 4084 1221 4170 disrupta
1239 4090 1448 4155 concordia

314 4187 408 4250 inter
425 4184 665 4250 sacerdotium
684 4195 719 4250 et
746 4189 949 4272 imperium,
987 4193 1209 4272 praevalere
1237 4202 1449 4278 coeperunt
