3058 4994
524 384 703 442 ..447-

96 531 195 605 gentes
210 525 450 592 residentibus
468 527 581 608 facta,
601 527 721 606 gratia
734 525 924 608 judicandi
941 543 986 590 ac
1019 525 1187 591 deciden-

94 630 216 696 dilitem
236 633 295 698 vel
312 634 603 698 controversiam
628 639 808 700 exortam.

159 737 304 818 Deinde,
323 757 389 821 pro
407 757 459 820 re,
480 739 524 805 de
553 757 625 822 qua
642 740 776 821 agitur,
797 737 1032 802 dilucidanda
1050 737 1186 804 haben·

91 849 134 906 tur
158 845 378 926 collationes,
397 851 647 910 sustentantur
677 846 934 926 discussiones,
956 837 1187 907 adducuntur

89 951 310 1032 probationes,
330 959 439 1034 atque
464 953 681 1018 exhibentur
700 953 822 1017 omnia
840 951 1071 1032 documenta,
1091 967 1187 1033 quae

88 1059 301 1139 comprobare
318 1060 446 1123 valent
463 1075 509 1124 ex
527 1059 600 1123 alia
617 1065 722 1141 parte
736 1059 917 1140 justitiam
937 1057 1108 1139 exigendi
1126 1056 1185 1120 de·

86 1160 177 1228 bitam
194 1166 481 1230 satisfactionem
500 1175 562 1230 aut
576 1165 821 1248 adaequatam
835 1165 1184 1246 compensationem,

86 1283 121 1332 ex
143 1269 210 1334 alia
227 1288 315 1335 vero
342 1272 603 1353 obligationem
620 1271 895 1336 ineluctabilem
912 1271 1060 1335 easdem
1077 1271 1186 1352 plene

20 1409 21 1414 κ
83 1376 286 1454 praestandi.

155 1482 350 1564 Postremo,
365 1484 396 1547 si
412 1485 681 1566 negotiationes
706 1485 966 1566 diplomaticae
983 1491 1020 1547 et
1039 1493 1186 1548 mutuae

83 1591 223 1666 gentium
241 1591 506 1674 explicationes
526 1591 662 1656 exitum
691 1593 836 1656 felicem
854 1593 1006 1656 sortitae
1022 1592 1107 1670 sint,
1126 1609 1185 1656 ac-

20 1745 22 1776 ,
84 1705 210 1760 tumeat
229 1698 306 1779 jam
332 1696 376 1760 de
401 1697 627 1779 quaestione,
646 1699 732 1780 quia
761 1715 874 1762 causa
902 1697 997 1761 finiri
1014 1698 1108 1762 solet
1124 1698 1186 1762 vel

82 1803 112 1862 vi
135 1803 394 1868 conciliationis
418 1803 481 1867 vel
499 1805 634 1868 virtute
660 1805 933 1884 transactionis3
954 1806 992 1870 vi
1022 1807 1186 1871 concilio·

82 1909 177 1990 ttonia,
195 1927 275 1974 cum
303 1908 425 1974 Status
455 1909 605 1973 laedens
635 1910 696 1974 vel
725 1910 956 1992 dissentiens,
984 1912 1186 1976 rationibus

79 2014 223 2092 Justitiae
240 2023 350 2098 atque
368 2017 565 2098 aequitatis
583 2033 648 2095 per
665 2014 805 2080 Statum
824 2019 964 2081 laesum
981 2018 1042 2082 vel
1070 2019 1186 2082 recla-

81 2129 220 2185 mantem
249 2122 372 2186 allatis
399 2128 598 2204 permotus,
618 2122 695 2203 ejus
709 2123 769 2204 jus
800 2123 937 2186 fatetur
963 2129 998 2186 et
1029 2124 1187 2204 ingenue

81 2230 229 2306 agnoscit
252 2228 435 2310 injuriam,
453 2228 485 2292 si
502 2245 591 2292 vere
619 2227 780 2293 adfuerit
809 2229 1059 2306 offensio,ch
1087 2244 1185 2290 erro-

81 2349 143 2396 rem
157 2335 192 2398 in
210 2335 463 2398 aestimatione
484 2335 642 2416 juridica
666 2337 721 2400 rei
750 2342 1028 2413 controversae;
1050 2334 1185 2398 virtute

81 2442 317 2522 transactionis,
346 2441 489 2522 quando
518 2439 641 2505 Status
670 2440 933 2504 contendentes
963 2440 1100 2522 aliquid
1130 2441 1186 2504 sui

77 2544 154 2623 juris
169 2547 358 2630 reciproce
376 2547 508 2612 cedunt
525 2566 591 2630 pro
614 2546 812 2611 obtinenda
831 2547 988 2629 pacifica
1004 2547 1186 2612 solutione

80 2659 109 2714 et
122 2655 346 2738 gravioribus
363 2655 469 2720 malis
482 2653 656 2718 vitandis.
813 2649 820 2660 '

155 2761 228 2826 114.
276 2760 346 2826 Sed
363 2763 512 2826 evenire
528 2761 676 2844 poterit,
693 2766 732 2824 ut
750 2759 946 2842 aliquando
964 2761 1187 2826 frustrentur

79 2862 319 2946 diplomaticae
343 2868 623 2950 negotiationes
643 2875 680 2932 et
704 2875 790 2932 tunc
807 2869 844 2932 in
861 2867 883 2932 J
886 2886 950 2932 ure
969 2868 1186 2933 Intercatio·

78 2973 140 3036 nali
155 2976 272 3052 adhuc
299 2981 464 3038 remanet
481 2992 663 3054 recursus,
683 2975 730 3038 ad
759 2993 867 3057 quem
896 2975 1084 3040 commode
1102 2993 1182 3040 con·

79 3077 189 3160 lugere
212 3091 365 3163 possunt
388 3081 567 3162 nationes,
586 3083 674 3163 quin
698 3085 920 3147 'exerceatur
950 3083 1103 3163 coactio,
1123 3100 1184 3146 ne·

79 3201 136 3264 que
151 3189 285 3254 bellum
300 3195 463 3270 gerstun
484 3189 528 3252 de
545 3189 815 3253 interventione
831 3189 1013 3270 loquimur
1031 3189 1186 3252 aliorum

78 3289 239 3378 Statuum,
258 3296 387 3377 quibus
404 3295 572 3377 equidem
588 3296 645 3358 fas
662 3296 732 3358 erit
761 3295 948 3358 dissidium
966 3311 1185 3376 componere

78 3415 132 3477 per
148 3411 302 3484 quatuor
326 3402 446 3466 media
463 3419 573 3484 supra
599 3407 812 3482 memorato,
832 3418 975 3482 nempe,
994 3401 1090 3464 bona
1107 3401 1185 3464 ofli-

78 3503 137 3582 cia,
153 3509 420 3586 mediationem,
439 3508 656 3572 arbitratum
672 3507 733 3573 vel
752 3507 934 3571 actionem
952 3506 1186 3574 collectivam

78 3607 109 3672 in
124 3609 322 3696 congressu
338 3619 401 3678 aut
417 3612 633 3679 collatione.
792 3597 809 3610 ”

157 3720 278 3806 Officia
304 3722 555 3786 benevolentiae
580 3723 827 3804 praestantur,
862 3719 1005 3802 quoties
1031 3737 1098 3801 pro
1130 3737 1185 3785 re·

79 3829 300 3893 conciliandis
329 3829 536 3893 nationibus
555 3829 825 3894 decertantibus
842 3827 1086 3909 interponitur
1115 3832 1185 3891 ter-

80 3929 122 3994 tia
145 3935 215 4000 alia
239 3936 421 4018 Potentia,
451 3953 545 4020 quae
575 3945 678 4000 recta
706 3941 827 3999 mente
856 3952 900 3998 ac
928 3934 1042 3998 nobili
1073 3951 1186 4016 scopo

80 4035 339 4108 altercationem
368 4043 572 4122 dirimendi,
599 4047 708 4124 atque
735 4040 917 4106 interdum
949 4041 1028 4104 sino
1055 4050 1196 4120 rogatu-

79 4148 221 4220 partium
248 4149 510 4230 dissidentium,
529 4149 668 4212 influxu
698 4147 828 4212 morali
845 4147 972 4227 utitur,
991 4151 1031 4208 ut
1052 4153 1187 4228 optata

80 4256 260 4322 concordia
286 4246 548 4322 restabiliatur.
579 4255 718 4322 Natura
735 4253 890 4338 propria
907 4253 1061 4334 hujusce
1077 4253 1187 4318 medii
