3096 4986
580 411 737 470 ..29-

118 557 196 634 ctas,
213 555 400 636 potestatis
417 555 691 620 ecclesiasticae
718 553 893 636 impediat
910 556 971 620 vel
988 557 1161 638 corrigat;
1182 556 1219 620 in

22 737 23 742 ἵ
116 661 243 742 nomiae,
260 662 394 726 etenim
422 662 503 739 ipsa
527 661 772 726 denominatio
793 661 847 742 (de
863 663 1000 747 suarza)
1020 664 1064 727 ab
1091 663 1220 727 aulicis

116 771 149 829 et
169 767 344 848 regalistis
374 772 549 849 usurpata
577 774 676 832 certe
704 767 877 832 indecora
909 774 1077 850 apparet,
1109 777 1146 832 et
1173 769 1220 833 ab

116 870 285 936 Ecclesiae
309 878 442 937 natura
470 884 580 956 atque
609 873 886 938 mansuetudine
914 893 1063 956 prorsus
1082 877 1222 938 absona

116 978 235 1058 evadit,
250 997 343 1062 quae
359 985 498 1044 tantum
517 983 674 1062 ratione,
690 981 868 1062 doctriua,
883 983 1132 1064 persuasione,
1148 1001 1219 1046 me·

115 1081 238 1166 diisque
261 1087 489 1151 suavissimis
522 1089 645 1169 utitur,
664 1108 720 1170 ac,
740 1091 771 1154 si
801 1109 890 1171 opus
916 1091 1036 1170 luerit,
1057 1091 1220 1154 censuris

19 1191 20 1234 ff
116 1193 147 1252 et
166 1191 356 1256 moderatis
373 1194 500 1275 poenis
528 1211 593 1275 pro
613 1194 682 1258 fine
700 1214 764 1259 suo
794 1197 1020 1278 assequendo
1040 1196 1217 1277 precedit,

19 1361 20 1372 2
116 1297 189 1377 quin
204 1300 360 1364 societas
385 1300 504 1364 civilis
523 1301 582 1365 vel
600 1303 800 1366 saecularis
819 1304 1017 1367 auctoritas
1046 1303 1221 1366 adhibere

116 1402 346 1485 obstringetur
375 1407 576 1471 violentam
604 1413 714 1490 atque
748 1409 975 1472 durissimam
1004 1410 1135 1490 agendi
1164 1427 1219 1472 ra-

116 1509 245 1592 tionem,
264 1513 294 1575 si
322 1513 466 1594 quaudo
488 1514 630 1594 judices
659 1515 850 1578 inferiores
881 1515 1101 1578 coercitione
1120 1515 1218 1596 digni

115 1615 231 1697 forent,
249 1619 400 1700 ejusque
417 1622 622 1684 sententiae
639 1622 898 1702 repositionem
912 1627 1150 1684 mererentur.

191 1725 393 1791 Potestatem
410 1726 587 1792 Ecclesiae
603 1729 811 1814 judicialem
828 1735 945 1811 aperte
962 1729 1117 1809 laedunt·
1135 1745 1219 1809 quo·

115 1827 198 1892 uiam
225 1831 366 1910 judices
396 1832 524 1897 civiles
552 1835 590 1896 in
618 1833 904 1897 ecclesiasticam
931 1834 1220 1914 jurisdictionem

114 1949 183 1998 sese
198 1936 377 2018 ingerunt,
396 1955 523 2002 verum
539 1939 713 2020 Judicium
731 1939 960 2004 instituentes
979 1939 1023 2002 de
1041 1941 1149 2002 rebus
1167 1959 1220 2003 re·

19 2055 20 2114 ;
115 2039 236 2121 ligiosis
265 2049 301 2107 et
329 2047 449 2109 causis
477 2046 740 2127 spiritualibus,
761 2046 876 2110 veluti
896 2047 926 2109 si
944 2064 1017 2109 non
1046 2047 1221 2109 essentia

115 2143 265 2213 Ecclesia
281 2150 468 2232 legitimae
487 2153 724 2216 auctoritates
742 2153 961 2234 superiores,
979 2153 1061 2232 jure
1079 2152 1220 2233 praedi-

115 2256 165 2318 tae
180 2257 375 2338 quemlibet
404 2259 554 2328 abusum
584 2259 808 2339 moderandi,
828 2265 891 2322 aut
915 2258 1112 2322 indebitam
1126 2256 1219 2337 judi·

114 2375 184 2425 cum
200 2363 234 2426 in
258 2364 406 2446 negotia
423 2382 522 2429 mere
540 2365 745 2430 saecularia
762 2365 999 2429 intrusionem
1015 2363 1221 2444 corrigendi

113 2467 356 2550 puniendique.

189 2573 364 2660 Aequituti
391 2579 549 2643 natarali
578 2581 833 2658 contradicant·
851 2577 1027 2660 siquidem
1056 2577 1158 2640 deest
1186 2596 1221 2641 ο-

112 2682 192 2746 mnis
214 2685 396 2766 paritatis,
411 2687 576 2766 justitiae
601 2703 644 2750 ac
662 2685 806 2750 debitae
835 2685 1081 2767 proportionis
1111 2685 1219 2766 ratio;

113 2801 181 2852 cum
204 2791 298 2854 enim
313 2791 428 2872 judex
445 2791 646 2855 saecularis
663 2792 699 2855 in
713 2809 843 2855 causas
861 2791 1070 2872 spirituales
1088 2791 1221 2854 falcem

113 2895 220 2978 mittit,
239 2903 371 2962 contra
388 2899 490 2962 illum
514 2899 758 2980 interponitur
775 2916 894 2962 merus
912 2899 1083 2981 querellae
1101 2915 1221 2961 recur-

112 3013 162 3062 sus
179 3004 329 3078 (recurso
344 3002 385 3066 de
403 3005 532 3088 qaeja):
545 3003 600 3066 sin
614 3021 702 3067 vero
717 3003 832 3084 judex
849 3003 1119 3066 ecclesiasticus
1136 3019 1220 3065 non·

112 3120 281 3189 nunquam
303 3108 596 3189 jnrisdictionem
615 3109 760 3174 civilem
778 3108 943 3189 invadat,
959 3115 1087 3172 eontra
1104 3109 1221 3189 ipsum

112 3208 343 3296 interponitur
361 3232 530 3279 recursus
539 3236 606 3300 per
629 3217 698 3280 vim
713 3227 865 3294 (recurso
884 3215 1086 3300 defueras).

187 3317 375 3384 Postremo
405 3321 593 3386 catholicae
621 3321 798 3386 doctrinae
825 3321 1069 3399 aduersaatar;
1087 3319 1221 3401 quippe

112 3418 264 3490 Ecclesia
290 3443 366 3490 non
393 3427 500 3490 modo
532 3426 755 3508 improbavit
782 3423 986 3506 hujusmodi
1015 3441 1220 3505 processus,

111 3527 180 3610 ipsa
205 3533 413 3598 inconsulta
438 3539 475 3598 et
491 3533 657 3598 inaudita
673 3533 853 3613 inductos,
872 3532 1023 3614 eJusque
1052 3549 1223 3613 suprema

108 3633 260 3713 judiciali
292 3623 477 3721 potestate
507 3644 632 3722 spreta
661 3639 697 3703 in
724 3639 868 3721 praxim
894 3637 1075 3719 redactos,
1096 3655 1221 3702 verum

111 3743 208 3810 etiam
237 3746 413 3829 explicite
441 3747 643 3830 damnavit,
663 3748 715 3811 uti
732 3749 876 3811 constat
904 3763 951 3809 ex
975 3747 1223 3828 propositione

110 3845 182 3916 XLI
208 3851 364 3934 Syllabi,
389 3853 427 3918 in
456 3871 529 3936 qua
557 3855 650 3918 falso
679 3853 865 3917 asseritur:
894 3849 1022 3916 “Civili
1050 3853 1222 3933 potestati

110 3958 155 4021 uel
175 3959 216 4024 ab
233 3957 367 4044 infideli
384 3959 576 4046 imperante
593 3961 765 4026 eaercitae
783 3958 999 4040 competit...
1019 3956 1149 4021 nedum
1162 3957 1223 4038 jus

111 4064 196 4142 quod
211 4071 349 4132 vocant
364 4075 583 4150 easeqaatar,
596 4065 661 4130 sed
679 4065 788 4130 etiam
800 4066 858 4147 jus
875 4064 1107 4149 apellatioais,
1127 4061 1224 4145 quod

110 4179 311 4256 nuncupant
323 4175 367 4238 ab
379 4175 500 4240 atam.

189 4279 244 4345 15.
292 4279 351 4345 Ad
373 4280 625 4366 quaestionem
653 4279 753 4344 circe
770 4293 938 4342 recursus
967 4274 1124 4358 pervim
1140 4290 1222 4340 ver·
