3028 4992
785 355 962 413 -392-

313 500 348 563 in
378 498 495 570 ordini
527 498 803 564 internatieuali
831 498 1100 562 ‘constituentes
1129 497 1284 580 primum
1312 498 1430 562 lecum

314 605 478 670 obtinent
494 603 629 669 Summi
645 603 873 687 Imperantes
890 623 955 669 seu
973 603 1221 668 Moderatores
1251 603 1429 684 statuum,

313 711 379 776 sub
396 729 468 793 qua
484 709 777 775 denominatione
794 711 946 776 veniunt
974 711 1192 792 quicumque
1224 709 1430 774 nationibus
1501 733 1502 754 t

313 817 586 899 praeficiuntur,
600 817 679 882 sive
693 817 926 898 Menarehae,
956 817 1036 882 sive
1067 816 1259 880 Praesides
1282 817 1428 895 fuerint,

312 923 332 987 J
337 942 377 987 us
394 925 488 988 enim
505 924 794 988 Intercatieuale
806 925 962 990 formam
975 924 1162 1006 regiminis
1177 923 1317 1006 politici
1331 924 1429 988 mini·

312 1047 369 1094 me
380 1031 540 1112 respicit,
549 1031 613 1096 sed
626 1047 752 1096 omncs
762 1029 885 1096 Status
898 1029 1167 1095 conditionibus
1178 1031 1429 1094 essentialibus
1502 1079 1503 1112 ,

313 1137 470 1218 praediti
487 1137 613 1202 eadem
628 1137 890 1220 personalitate
908 1143 1018 1226 atque
1031 1137 1191 1218 juridica
1209 1137 1429 1218 aequalitate

313 1241 524 1324 iunguntur.

402 1347 506 1414 Duae
522 1357 606 1414 sunt
623 1349 844 1432 praecipuae
878 1349 1172 1431 praerogativae,
1188 1349 1318 1431 quibus
1349 1347 1436 1425 insi,

275 1452 278 1464 ⁴
313 1455 485 1538 gniuutur
501 1455 636 1522 Summi
669 1457 909 1539 Imperantes,
929 1457 1109 1536 nimirum,
1125 1457 1185 1536 Jus
1217 1473 1428 1538 repraesan·
1503 1439 1504 1520 ἶ

313 1563 460 1626 tationis
477 1571 514 1627 et
540 1564 600 1644 jus
630 1563 1052 1626 extraterriterialitatis:
1074 1561 1428 1626 truncationibus

313 1667 477 1732 Statuum
495 1669 758 1751 specialissime
776 1669 948 1750 competit
977 1669 1037 1749 ius
1071 1667 1427 1750 repraesentationis

313 1775 398 1855 quia
431 1775 519 1856 ipsis
549 1781 673 1856 utpote
703 1775 828 1857 primis
865 1775 1023 1838 nationis
1058 1773 1345 1856 Magistratibus,
1374 1789 1427 1854 ge·
1504 1767 1505 1848 ἶ

313 1881 446 1944 uuluae
474 1889 583 1961 atque
612 1881 812 1946 altissimae
845 1881 986 1963 imperii
1027 1881 1247 1964 (seberaula)
1272 1879 1427 1962 perseni·
1504 1885 1505 1888 ’

313 1987 486 2068 nuntient,
502 1995 538 2052 st
553 1987 765 2052 Recteribus
779 1987 952 2069 politicae
970 1988 1167 2066 interieris,
1185 1987 1378 2050 exterioris
1395 1993 1428 2049 et

313 2094 529 2158 relationum
544 2095 865 2172 commercialium,
886 2093 1014 2158 merite
1035 2093 1234 2158 deserenda
1251 2097 1307 2156 est
1336 2091 1428 2173 apud

314 2205 460 2266 exteras
487 2209 614 2283 gentes
632 2201 810 2284 quaedam
836 2201 1058 2280 authentica,
1089 2199 1286 2264 solemnior
1322 2205 1427 2279 atque
1505 2185 1506 2202 ¹

313 2309 582 2390 spectatissima
598 2308 889 2391 repraesentatio
914 2307 1034 2389 quoad
1058 2307 1257 2372 relationes
1281 2307 1341 2372 vel
1372 2321 1425 2370 ne·

313 2416 531 2496 getiationes
549 2433 629 2480 cum
647 2415 803 2480 caeteris
820 2413 981 2479 Statibus
999 2414 1277 2478 concertandas:
1295 2414 1347 2478 2.”
1365 2413 1424 2476 Re·

314 2521 655 2588 eteribus'Statuum
674 2539 818 2604 quoque
850 2519 1079 2585 tribuendum
1112 2526 1168 2585 est
1200 2520 1426 2602 privilegium

314 2629 410 2708 qued
427 2629 595 2694 dictitant
610 2630 1018 2710 extraterrilerielitatis,
1035 2629 1071 2693 in
1090 2646 1131 2692 ee
1150 2629 1305 2710 pesitum
1338 2624 1426 2710 qued

313 2733 447 2798 Summi
465 2735 692 2818 Imperautes
725 2753 791 2818 per
824 2735 1017 2817 quamdam
1046 2735 1229 2800 fictionem
1249 2733 1343 2814 juris
1373 2731 1427 2796 vel

313 2840 432 2921 petius
451 2842 487 2904 vi
503 2841 774 2906 consuetudinis
792 2841 888 2923 apud
904 2847 1032 2922 gentes
1064 2840 1303 2905 communiter
1336 2855 1425 2903 rece-

313 2953 399 3028 ptae
433 2948 532 3029 (quia
549 2965 649 3011 mera
667 2949 764 3011 fictio
785 2965 848 3010 seu
865 2947 995 3010 falsum
1009 2947 1236 3029 suppositum
1250 2961 1426 3028 uunquam

314 3053 488 3117 devenire
505 3053 640 3135 poterit
658 3054 823 3134 legitima
841 3053 942 3134 origo
960 3061 997 3117 et
1015 3053 1168 3116 solidum
1183 3053 1426 3116 fulcimentum

314 3160 507 3239 euJ'uslibet
530 3160 623 3242 juris
642 3160 703 3224 vel
734 3159 980 3238 institutionis,
998 3159 1316 3242 internatieualis),
1346 3159 1426 3221 licet

313 3267 410 3330 intra
425 3267 646 3330 territorium
671 3267 825 3347 alicujus
854 3265 977 3330 Status
1005 3265 1241 3330 inveniantur
1271 3283 1314 3328 ae
1346 3263 1422 3328 resi·

314 3371 435 3452 deant,
455 3371 501 3436 ab
534 3371 670 3436 exteris
698 3371 865 3434 dominiis
896 3371 1025 3434 abesse
1057 3379 1264 3452 censentur,
1283 3370 1427 3453 perinde

314 3496 357 3540 ac
374 3478 404 3540 si
419 3495 463 3541 ex
481 3479 554 3542 suis
568 3477 762 3542 ditionibus
782 3477 926 3540 minime
943 3477 1128 3542 exiissent.

402 3583 422 3647 J
427 3601 466 3646 us
484 3583 906 3664 extraterriterialitatis,
926 3601 996 3664 que
1010 3583 1149 3666 pellent
1181 3582 1346 3666 Supremi
1367 3597 1426 3644 ua-

313 3689 451 3754 tionum
468 3689 730 3768 Moderatores,
763 3689 1022 3770 utplurimum
1054 3689 1255 3770 importare
1284 3683 1426 3768 solet2⁸i

314 3799 581 3879 exemptionem
597 3817 618 3862 a
637 3797 867 3878 legislatione
885 3803 1027 3876 extera3
1045 3793 1072 3876 ¹³)
1089 3797 1388 3860 immunitatstem
1404 3811 1425 3854 a

310 3905 563 3985 jurisdictione
582 3903 682 3968 civili
715 3920 759 3966 ae
791 3903 972 3966 criminali
1004 3903 1041 3966 in
1070 3905 1235 3968 externis
1268 3898 1426 3966 dominiis

315 4012 475 4091 vigente
493 4015 518 4090 0)
535 4010 788 4076 liberationem
805 4027 827 4072 a
845 4010 990 4074 tributis
1008 4009 1138 4074 saltem
1165 4008 1424 4092 personalibus,

315 4118 376 4198 qui
393 4117 559 4198 equidem
572 4135 652 4182 cum
671 4117 847 4181 altissima
866 4117 1046 4198 dignitate
1064 4117 1164 4182 civili
1194 4123 1233 4182 et
1264 4129 1425 4199 suprema

314 4213 532 4288 investitura
571 4225 722 4304 politica
754 4230 856 4288 recte
889 4225 1090 4289 consistere
1122 4231 1232 4306 atque
1268 4219 1425 4305 componi

314 4335 509 4411 nequount.
