3028 4992
778 379 957 438 -346-

396 524 449 604 16.
500 523 552 588 1.⁸
567 523 716 606 Epocha
744 527 781 604 (a
803 523 1054 588 remotissimis
1073 523 1296 604 temporibus
1314 541 1444 605 usque

304 630 353 696 ad
369 631 555 696 saeculum
574 630 641 694 Vll
658 648 767 695 aerae
783 631 1033 706 christianae).
1059 630 1187 712 Populi
1204 629 1444 712 antiquitatis

305 737 504 801 relationes
522 737 823 800 internetionales
840 736 877 800 in
907 753 1016 800 sensu
1035 753 1105 818 quo
1123 735 1315 800 hodiedum
1332 753 1444 798 usur-

304 849 451 928 pantur,
470 843 535 907 vix
553 843 712 922 coluere;
742 842 810 906 etsi
842 843 937 906 enim
956 842 1052 906 haud
1086 859 1172 906 raro
1201 843 1447 924 reperiantur

305 949 483 1014 nonnulla
499 947 650 1014 foedera
666 948 727 1014 vel
757 949 947 1030 pactiones
966 949 1188 1030 praesertim
1206 948 1300 1012 inter
1317 948 1445 1012 tribus

305 1055 457 1134 adfines,
487 1055 540 1118 uti
572 1053 671 1136 apud
700 1052 874 1132 Graecos,
905 1055 1136 1118 nihilominus
1170 1071 1216 1118 ex
1250 1053 1444 1118 ordinarie

307 1162 603 1244 contingentibus
621 1167 766 1226 veteres
797 1163 962 1226 nationes
981 1161 1203 1226 adinvicem
1222 1159 1374 1226 dissitae
1395 1178 1445 1224 ac

306 1267 511 1349 disjunctae
528 1267 738 1345 manebant,
758 1267 837 1330 sive
870 1267 955 1350 quia
988 1267 1172 1348 putabant
1188 1267 1256 1330 sibi
1274 1267 1444 1330 suidcire

306 1379 345 1438 et
368 1374 491 1438 omnia
507 1373 643 1438 habere
660 1374 757 1438 intra
783 1373 915 1438 limites
932 1374 987 1438 sui
1005 1374 1196 1454 territorii,
1217 1375 1296 1437 sive
1313 1373 1444 1454 potius

305 1481 392 1562 quia
410 1481 694 1544 dominationem
710 1479 955 1544 universalem
976 1479 1212 1562 appetebant,
1232 1479 1333 1543 velut
1349 1479 1442 1542 Pcr-

306 1603 370 1650 sae
389 1591 450 1648 aut
470 1585 685 1665 Macedonii,
704 1603 748 1650 ac
765 1585 977 1649 conterendi
1005 1603 1093 1667 ergo
1124 1591 1290 1650 caeteras
1318 1585 1443 1649 inimi·

306 1709 370 1756 cas
387 1699 515 1774 gentes
532 1691 666 1756 bellum
679 1709 906 1774 quocumque
919 1693 1102 1756 ferebant.

399 1797 545 1862 Certum
564 1803 619 1862 est
636 1797 794 1880 aliquam
812 1797 919 1878 hujus
931 1795 1116 1878 generalis
1136 1796 1286 1878 regulae
1303 1811 1443 1878 excep·

308 1904 443 1968 tionem
461 1904 641 1968 interdum
659 1903 780 1968 datam
797 1919 890 1983 esse;
907 1903 959 1966 sic
976 1901 1078 1983 apud
1094 1901 1274 1967 Romanos
1291 1919 1366 1966 non
1385 1919 1444 1966 so-

306 2009 380 2074 lum
400 2011 565 2074 instituta
593 2011 661 2074 fuit
686 2010 861 2092 specialis
887 2009 1158 2090 magistratura,
1179 2025 1273 2090 quae
1290 2011 1445 2073 nominc

307 2119 485 2204 praetoria
495 2121 677 2203 pereqriat
694 2117 740 2180 ad
757 2117 978 2198 regulandas
994 2115 1191 2180 relationes
1205 2133 1285 2178 cum
1298 2117 1445 2180 exteris

308 2225 450 2288 cunctis
468 2225 672 2288 hominibus
697 2225 902 2305 applicaret
912 2225 977 2310 jus
1006 2224 1169 2308 peritiam,
1188 2221 1348 2304 speciem
1376 2239 1444 2286 seu

307 2333 460 2395 formam
479 2331 577 2396 Juris
594 2331 898 2394 Intercatienalis
930 2329 1082 2410 Privati,
1101 2347 1229 2394 verum
1257 2331 1370 2394 etiem
1390 2331 1444 2392 vi·

309 2439 459 2524 guitjas
474 2437 600 2522 feciale
620 2435 667 2520 (1)
685 2437 784 2516 leges
802 2437 900 2500 circa
918 2436 1133 2517 legationes,
1154 2435 1304 2500 foedera
1321 2437 1444 2518 publi-

310 2562 356 2608 ca
373 2551 410 2607 et
427 2545 560 2608 bellum
591 2543 850 2624 complectens,
868 2546 904 2606 et
932 2560 1027 2606 novo
1059 2541 1081 2606 J
1085 2543 1139 2606 uri
1156 2542 1444 2606 internetionali

309 2651 459 2714 Publice
490 2650 604 2714 valde
634 2651 763 2730 simile;
794 2655 956 2714 attamen
987 2649 1169 2714 elementa
1200 2650 1446 2714 constitutiva

307 2755 512 2834 hujusmodi
545 2755 643 2820 Juris
675 2755 844 2822 Gentium
875 2757 912 2819 in
950 2755 1223 2820 desuetudinem
1255 2757 1442 2836 abierunt,
1512 2831 1513 2836 ἵ

249 2927 251 2932 ,
308 2867 501 2944 postquam
520 2863 634 2925 Roma
652 2863 823 2926 universo
843 2863 931 2925 orbe
949 2867 1035 2926 tunc
1062 2869 1147 2926 noto
1172 2861 1290 2944 potita
1305 2867 1377 2942 est,
1399 2879 1444 2926 ac

307 2969 451 3032 demum
481 2969 518 3032 in
558 2968 779 3032 oblivionem
810 2985 959 3049 prorsus
992 2967 1133 3032 desiere
1167 2972 1251 3049 post
1283 2967 1441 3032 Romani

307 3071 1443 3156 ImperiieversionemetmagnamBarbarorumirruptionem.

397 3181 475 3246 Hac
489 3187 631 3244 remota
648 3185 769 3244 aetate
786 3179 983 3244 relationes
1013 3180 1175 3260 gentium
1196 3181 1367 3261 sequenti
1387 3197 1442 3243 re·

307 3288 528 3370 gulabantur
547 3284 882 3368 principaliaque
892 3287 1103 3370 populorum
1116 3285 1443 3369 elpraedomtaiam
1511 3307 1512 3328 ³

307 3394 361 3458 aie
380 3393 559 3478 physicae.

400 3499 453 3562 17.
502 3499 552 3560 2.·
571 3495 721 3578 Epocha
739 3499 775 3577 (a
801 3513 898 3560 saec.
917 3496 985 3560 VII
1002 3513 1116 3579 usque
1133 3497 1179 3560 ad
1196 3495 1308 3578 XVI).
1330 3495 1443 3561 Aeta-

310 3609 346 3668 te
364 3604 482 3668 media
499 3603 645 3667 obvium
663 3607 772 3684 atque
796 3603 964 3666 naturale
991 3609 1047 3666 est
1075 3602 1347 3684 frequentiores
1377 3621 1439 3686 pe·

309 3729 374 3774 nes
391 3709 511 3775 Status
536 3711 734 3774 relationes
751 3710 922 3792 detegere
949 3709 1167 3774 institutioni
1186 3708 1438 3774 Ethnarchiae

314 3817 544 3882 Christianae
565 3815 720 3897 debitas,
739 3815 826 3880 licet
838 3819 895 3879 sat
911 3817 1038 3880 crebro
1057 3817 1275 3879 intersectas
1292 3816 1354 3880 vel
1373 3815 1441 3880 dis-

309 3929 436 4005 ruptas
451 3931 601 4004 propter
618 3921 870 3985 contentiones
886 3927 922 3985 et
939 3921 1036 3985 bella
1053 3920 1274 3985 feudalismi.

380 4135 417 4192 (ll
455 4133 564 4185 Nanren
587 4131 696 4197 accepit
719 4145 737 4182 a
761 4132 886 4196 collegio
912 4127 1092 4183 Sacerdotem
1119 4129 1443 4185 Fecialiumnliumma
1509 4141 1510 4195 l

310 4205 449 4270 Pompilio
462 4209 565 4269 creato,
578 4203 682 4269 quibus
704 4217 813 4254 munus
826 4203 1017 4254 concreditum
1033 4207 1093 4254 eret
1108 4202 1215 4255 bellum
1230 4201 1400 4256 declarandi
1415 4207 1444 4255 et

307 4290 408 4343 pacem
422 4275 617 4335 concludendi,
628 4273 804 4340 specialibus
818 4273 919 4326 ritibus
932 4283 961 4326 et
972 4273 1104 4326 formulis
1117 4273 1264 4327 adhibitis.
