3038 4994
518 402 698 462 -225-

78 552 195 636 suisque
219 553 450 637 officialibus,
467 559 544 621 tum
572 554 684 620 etiam
708 555 794 638 qnia
826 557 973 637 oportet
1003 553 1168 620 Summus
1194 607 1203 620 .

77 657 215 724 Pontifex
230 677 297 742 pro
327 661 407 725 utili
435 662 602 744 gestione
630 659 797 744 Supremi
828 660 1062 726 Pontificatus
1095 679 1169 726 non

76 765 157 830 nodo
169 767 212 830 sit
223 768 333 850 plene
349 767 454 850 llber,
471 775 510 833 ut
528 769 565 833 in
578 767 731 850 singulis
744 767 900 850 negotiis
913 770 1051 831 statuat
1068 768 1168 850 quid-

76 871 331 954 quidobjective
344 873 481 955 Justum
511 878 548 939 et
580 874 696 955 magis
724 873 924 956 expediens
948 874 1071 953 fuerit,
1104 874 1169 939 red

74 977 194 1059 insuper
210 979 402 1044 evidenter
414 980 507 1046 liber
536 985 728 1063 appareat,
747 987 786 1044 ut
813 981 865 1043 ita
895 980 973 1060 cJ'us
1004 981 1169 1062 regimen

72 1083 157 1164 plene
171 1085 302 1150 efficax
319 1087 456 1152 evadat
468 1105 534 1170 pro
552 1088 647 1152 bono
663 1087 851 1152 christiani
864 1089 986 1170 gregis
1000 1093 1037 1153 et
1051 1089 1169 1153 salute

73 1191 260 1256 animarum.

139 1299 186 1363 3.⁰
231 1299 466 1383 Usurpantur
494 1302 531 1366 in
549 1301 643 1367 thesi
672 1301 764 1366 haec
789 1301 904 1366 verba
931 1305 1169 1388 inpraesenti

70 1408 219 1476 societatis
249 1410 456 1490 conditione,
476 1410 567 1474 utin
592 1409 803 1474 memoriam
832 1411 990 1475 omnium
1021 1429 1169 1478 revoce-
1212 1459 1218 1471 .

69 1527 129 1574 nus
144 1499 324 1578 actualem
341 1514 514 1595 politicae
533 1514 725 1596 potestatis
739 1519 885 1594 statum,
907 1532 952 1579 ex
981 1533 1051 1598 quo
1070 1519 1167 1600 equi·

69 1615 130 1681 dem
155 1619 266 1684 multo
295 1620 411 1701 magis
444 1621 603 1702 patescit
631 1621 832 1684 necessitas
861 1620 1168 1702 independentiae

67 1722 93 1786 S.
108 1723 211 1806 Sedis3
232 1727 379 1806 etenim,
398 1725 504 1790 bodie
532 1727 667 1808 populo
697 1723 904 1791 Christiano
933 1728 970 1792 in
988 1732 1043 1794 tot
1061 1747 1168 1812 pecu·

67 1828 155 1896 liarcs
178 1835 362 1914 nationes,
381 1833 419 1897 in
435 1837 488 1897 tot
511 1849 626 1915 regna
643 1837 680 1898 et
696 1833 850 1914 imperia
879 1832 1070 1915 distracto,
1090 1837 1170 1902 liert

66 1939 169 2020 nequit
195 1945 235 2006 nt
267 1940 449 2005 Romanus
478 1939 648 2004 Pontifex
680 1937 787 2020 pleno
814 1939 910 2020 jure,
930 1956 994 2004 seu
1025 1951 1070 2006 ea
1097 1961 1170 2025 qua

66 2041 150 2108 decet
165 2045 352 2126 libertate,
372 2046 404 2110 ci
421 2045 459 2108 in
476 2045 726 2128 spiritualibus
755 2044 962 2126 provideat.
984 2045 1029 2110 Et
1046 2065 1168 2128 quarn·

65 2149 108 2212 ris
122 2153 264 2218 unicum
279 2157 377 2216 esset
392 2169 544 2234 regnum
562 2151 814 2232 christianum,
832 2151 928 2234 quod
959 2153 1083 2217 orbern
1098 2154 1168 2218 sal·

64 2260 120 2319 tem
149 2259 297 2324 civilem
331 2259 542 2322 universum
579 2257 898 2339 complecteretur,
941 2259 1050 2322 etiam
1083 2267 1169 2324 tunc

64 2365 217 2445 temporis
250 2369 360 2448 atque
392 2365 429 2428 in
457 2363 528 2428 hac
560 2362 755 2446 hypothesi
788 2363 969 2428 Romanus
1001 2363 1169 2431 Pontifex

62 2471 242 2545 potentiori
260 2489 373 2553 regno
401 2475 538 2552 egeret,
558 2473 595 2534 ut
612 2468 657 2534 dc
685 2469 784 2534 facto
802 2470 895 2534 liber
925 2488 1006 2536 esse
1030 2477 1166 2554 posset3

61 2572 150 2650 plura
164 2577 265 2642 enim
283 2577 360 2659 pati
388 2582 582 2660 cogeretur
597 2597 619 2641 a
635 2595 722 2660 rege
747 2579 808 2642 vel
824 2577 1046 2661 imperatore
1076 2579 1168 2644 chri·

61 2680 173 2763 stiano,
206 2700 293 2749 cum
323 2683 485 2764 ejusdem
512 2684 650 2748 illicitis
678 2683 835 2748 decretis
863 2701 945 2749 sese
977 2703 1169 2768 opponere

61 2783 204 2872 deberet,
238 2795 347 2874 prout
373 2791 531 2855 ostendit
558 2791 710 2856 historia
728 2791 810 2873 ipsa
837 2791 989 2856 Romani
1019 2791 1170 2875 Imperii

60 2900 126 2971 post
141 2913 273 2980 pacem
291 2895 480 2962 Ecclesiae
506 2897 699 2978 redditam;
718 2913 803 2961 nam
820 2897 908 2962 licet
926 2898 992 2962 sub
1014 2900 1083 2981 piis
1101 2899 1170 2964 Im-

59 3003 275 3078 peratoribus
304 3007 453 3067 servata
484 3003 596 3068 luerit
613 3021 702 3086 erga
734 3002 945 3069 Pontificem
972 3004 1169 3070 Maximum

59 3103 165 3172 debita
176 3108 405 3186 reverentia,
420 3111 544 3173 tamen
558 3109 1002 3174 omnibusinnotescitsub
1012 3111 1168 3192 Regibus

58 3218 109 3277 aut
124 3213 354 3298 Principibus
370 3215 490 3297 impiis
507 3215 568 3280 vel
586 3217 702 3280 minus
731 3216 800 3298 piis
832 3216 955 3299 plures
987 3216 1168 3280 Romanos

57 3314 237 3387 Pontifices
261 3321 300 3385 in
325 3321 474 3386 exilium
491 3325 606 3402 actos,
624 3323 661 3385 in
678 3339 864 3386 carcerem
894 3321 1073 3403 detrusos,
1107 3323 1169 3388 vel

56 3423 158 3504 ipsam
175 3431 332 3494 mortem
351 3444 494 3510 quoque
511 3428 677 3493 subiisse.

132 3533 209 3599 128.
261 3532 432 3598 Probatio
450 3534 611 3600 rationis.
638 3533 749 3599 Hisce
765 3534 1016 3616 praemonitis,
1035 3534 1168 3599 verita-

55 3638 116 3702 tem
132 3639 341 3704 catholicae
371 3639 583 3705 assertionis
616 3639 851 3706 validissimis
882 3641 1063 3706 rationum
1096 3659 1169 3707 mo·

54 3745 172 3811 mentia
187 3763 237 3811 ex
250 3745 334 3827 jnro
350 3743 511 3810 naturali
528 3747 680 3828 sumptis
698 3746 870 3812 evincere
887 3753 1107 3829 satagemus.

129 3851 173 3917 In
187 3851 319 3936 primis
334 3850 442 3932 enim,
460 3868 566 3916 nemo
580 3856 717 3916 estnec
745 3851 816 3917 dici
841 3855 962 3936 potest
989 3853 1097 3935 plene
1125 3869 1170 3918 ac

53 3955 240 4022 evidenter
259 3956 364 4040 liber,
377 3957 447 4022 uisi
459 3957 627 4023 immunis
641 3975 790 4042 prorsus
804 3957 984 4023 habeatur
1010 3959 1056 4023 ab
1082 3959 1169 4023 allo·

53 4075 122 4127 rum
141 4061 305 4127 dominio
321 4067 358 4128 et
373 4062 442 4128 sibi
470 4063 518 4128 sit
533 4063 642 4147 plene
659 4063 857 4145 sufficiens3
875 4063 977 4148 atqui
993 4063 1170 4146 ejusmodi

53 4166 219 4236 absoluta
231 4169 460 4235 immunitate
477 4175 514 4236 et
527 4171 638 4253 plena
650 4171 870 4236 sufficientia
883 4175 1024 4237 tantum
1036 4171 1169 4254 gaude·

52 4287 87 4336 re
101 4279 227 4358 potest
243 4273 319 4359 ille,
338 4275 400 4359 qni
431 4276 477 4340 de
492 4276 591 4342 lacto
619 4293 684 4342 seu
712 4277 1086 4362 ellectivc¹princeps
1114 4279 1171 4342 cst

1066 4385 1099 4437 15
