3058 4994
785 353 963 412 -416—

314 493 553 560 communiter
571 499 743 578 receptae
770 501 806 560 et
832 497 869 562 in
900 497 1044 580 praxim
1075 497 1248 562 reductae
1277 497 1445 562 libenter

314 599 591 683 adstipulamur,
612 602 697 686 quia
710 621 775 685 pro
789 603 858 670 hac
873 604 1029 668 veritate
1042 603 1263 668 vindicanda
1276 604 1444 687 complu-

313 707 407 772 rima
425 708 582 772 militant
598 709 780 774 rationum
798 716 993 791 momenta,
1013 729 1106 793 quae
1132 711 1249 775 obiter
1277 712 1445 776 insinua·

313 813 443 880 bimus:
461 815 490 886 al
516 833 629 896 mare,
649 817 700 880 uti
717 835 841 882 omnes
858 831 1003 899 norunt,
1022 835 1089 882 uec
1107 819 1253 900 proprie
1271 819 1443 900 limitari,

314 938 384 986 nec
418 939 506 986 vere
539 923 724 1004 occupari,
758 941 876 1006 neque
904 924 1084 988 stabiliter
1112 925 1292 1006 possideri
1320 926 1442 1008 valet,

316 1045 410 1108 quae
423 1027 544 1092 omnia
561 1030 769 1095 necessario
784 1031 1016 1112 requiruntur
1033 1030 1079 1094 ad
1093 1031 1360 1112 proprietatem
1392 1032 1441 1096 le·

315 1135 440 1216 gitime
455 1136 758 1214 constituendam
775 1133 800 1215 b)
825 1154 925 1201 mare
953 1137 1138 1201 exhauriri
1157 1139 1295 1220 nequit,
1328 1139 1441 1203 adeo·

314 1259 384 1323 que
402 1242 481 1322 eJus
495 1259 579 1306 usus
595 1243 729 1306 nemini
742 1260 875 1308 nocere
889 1248 1020 1326 potest;
1039 1247 1063 1323 c)
1083 1261 1168 1309 usus
1182 1247 1291 1309 maris
1307 1245 1442 1310 eadem

313 1347 504 1414 commoda
512 1349 759 1431 utilitatesque
772 1351 911 1414 cunctis
924 1351 1067 1432 populis
1076 1369 1119 1416 ac
1130 1352 1299 1433 gentibus
1313 1353 1440 1432 affert,

315 1455 568 1537 quiapropter
592 1473 693 1519 suam
711 1457 991 1521 immensitatem
1009 1458 1127 1521 altere
1154 1459 1254 1522 natio
1282 1459 1442 1523 alteram

315 1561 465 1644 privare
483 1567 593 1644 queat
610 1561 786 1626 facultate
803 1563 1026 1640 usufruendi3
1043 1561 1069 1644 ᾱ1
1088 1581 1187 1628 mare
1221 1563 1367 1628 demum
1387 1581 1439 1628 re·

313 1673 371 1731 cte
389 1667 627 1748 spectandum
641 1675 697 1732 est
714 1685 779 1732 ceu
797 1668 858 1732 via
876 1669 1100 1750 amplissima
1117 1676 1154 1734 et
1183 1669 1342 1734 medium
1362 1671 1438 1734 uni-

314 1775 461 1839 versale
474 1775 519 1840 ab
533 1775 614 1857 ipsa
630 1783 761 1840 natura
778 1777 1046 1858 praestitutum,
1067 1785 1105 1841 ut
1117 1795 1242 1842 omnes
1266 1779 1439 1842 nationes

314 1897 358 1944 ac
372 1883 481 1946 totius
498 1882 595 1946 orbis
608 1887 736 1963 gentes
754 1889 914 1948 mutuam
930 1883 1025 1948 inter
1041 1901 1121 1948 sesa
1139 1886 1439 1950 communicatio·

312 2004 394 2052 nem
412 1987 547 2052 incant.

402 2091 633 2176 Quapropter
665 2095 871 2160 libertatem
903 2093 1041 2161 Oceani
1061 2096 1291 2178 agnoscimus
1326 2103 1437 2178 atque

314 2205 456 2264 tuemur
469 2217 548 2264 cum
564 2201 728 2266 omnibus
745 2201 915 2283 legitimis
927 2203 1177 2282 consectariis,
1196 2221 1289 2285 quae
1303 2221 1352 2266 cx
1366 2205 1434 2268 hoc

314 2306 579 2370 fundamentali
596 2307 775 2390 principio
789 2307 1014 2388 derivantur,
1030 2325 1170 2390 nempe,
1185 2308 1360 2373 libertate
1374 2327 1436 2373 na·

314 2412 521 2496 rigationis,
553 2413 724 2478 libertate
740 2415 960 2495 commercii,
979 2415 1062 2494 jure
1093 2415 1259 2479 absoluto
1294 2415 1436 2480 liberae

313 2519 539 2600 piscationis,
559 2523 669 2602 atque
685 2520 891 2584 omnimoda
918 2521 1093 2584 facultate
1111 2519 1316 2602 occupandi
1334 2527 1372 2585 et
1390 2523 1433 2586 si·

313 2625 350 2689 bi
364 2626 626 2708 appropriandi
640 2643 884 2708 quoscumque
902 2626 1102 2708 thesauros,
1116 2627 1276 2706 divitias,
1292 2645 1435 2694 merces

316 2737 379 2795 aut
396 2749 455 2796 res
473 2733 652 2813 pretiosas
670 2733 706 2796 in
723 2733 914 2797 altitudine
931 2731 1069 2798 Oceani
1086 2733 1284 2798 demersas.

401 2837 455 2900 2.⁰
502 2837 605 2918 Quod
622 2838 668 2902 ad
685 2840 780 2902 freta
811 2843 955 2921 spectat
985 2855 1179 2904 secernere
1212 2845 1358 2921 oportet
1393 2857 1438 2905 ea

314 2963 408 3027 quae
425 2943 495 3009 duo
514 2946 629 3010 maria
653 2947 769 3011 libera
785 2946 1022 3028 conjungunt,
1037 2945 1084 3010 ab
1097 2947 1140 3010 iis
1157 2965 1252 3029 quae
1277 2963 1435 3012 commu-

315 3051 535 3116 nicationem
552 3051 745 3117 instituunt
759 3053 854 3117 inter
870 3069 971 3117 mare
994 3051 1149 3117 liberum
1166 3056 1203 3117 et
1220 3069 1320 3118 mare
1337 3053 1435 3117 clau-

311 3176 403 3224 sum:
421 3159 514 3224 haec
530 3159 675 3226 silentio
693 3160 947 3243 praeterimus,
966 3159 1051 3242 quia
1067 3160 1236 3224 introitus
1259 3178 1305 3225 ac
1335 3159 1433 3224 navi·

319 3265 419 3346 gatio
452 3265 646 3330 interdicta
674 3271 769 3347 sunt,
787 3265 849 3331 vel
880 3266 1011 3330 saltem
1039 3266 1192 3348 imperio
1222 3271 1259 3330 ct
1285 3265 1434 3330 arbitrio

312 3371 479 3452 subjecta
508 3369 630 3436 Status
647 3371 805 3436 dominic
822 3372 860 3436 iu
885 3389 985 3436 mare
1001 3373 1153 3436 interius
1170 3389 1235 3436 seu
1252 3372 1436 3438 nationale

313 3477 520 3558 gaudentia
553 3478 616 3542 illa
634 3495 723 3542 vero
751 3495 899 3560 prorsus
927 3482 1058 3560 aperta
1074 3483 1110 3542 et
1125 3478 1244 3543 libera
1273 3479 1432 3544 declara·

313 3601 405 3664 mus,
427 3589 536 3666 atque
554 3601 685 3666 reapse
698 3584 890 3649 hodiedum
907 3601 1020 3666 penes
1032 3589 1184 3650 cunctas
1211 3587 1381 3652 nationes
1399 3589 1435 3650 ct

315 3687 407 3752 talia
422 3688 603 3754 habentur
620 3707 664 3754 ae
677 3691 962 3772 proclamantur.

402 3794 447 3860 Et
465 3814 567 3879 sane,
602 3797 769 3880 quamvis
800 3798 885 3862 olim
916 3797 1012 3862 freta
1039 3798 1218 3880 Bosphori
1235 3799 1382 3866 Thracii
1399 3801 1433 3862 et

313 3900 621 3968 Dardanellarum
637 3903 789 3968 Pontum
806 3903 984 3969 Euxinum
1003 3904 1096 3988 (Mar
1112 3904 1249 3987 Negro)
1267 3913 1304 3971 et
1330 3905 1433 3972 Medi·

312 4013 522 4076 terraneum
541 4011 812 4092 conjungentia,
831 4027 973 4076 necnon
986 4013 1173 4078 aestuaria
1190 4011 1290 4078 Sund
1307 4011 1430 4078 ethlt

313 4115 430 4178 maria
443 4115 665 4180 Atlanticum
679 4121 715 4180 et
728 4117 907 4182 Balticum
924 4119 1136 4201 copulantia
1148 4118 1309 4185 dissidiis
1322 4137 1365 4184 ac
1376 4135 1426 4183 re·

311 4220 594 4290 clamationibus
625 4221 790 4290 Statuum
821 4243 948 4290 ansam
979 4227 1314 4310 frequentissimam
1332 4241 1427 4311 prae·
