3058 4994
780 368 956 426 -472-

308 513 492 594 legitimae
509 511 843 592 defensionis,olim
868 513 927 593 jns
955 512 993 576 in
1020 513 1136 576 vitam
1164 517 1410 594 nuncupatum,
1507 561 1508 586 2

309 619 404 701 quod
422 619 657 701 apraeolaris
672 619 770 682 luris
802 618 987 684 Naturalis
1013 618 1279 700 expositoribus
1301 619 1337 682 in
1359 617 1414 682 du·
1507 625 1508 630 ’

309 728 405 792 bium
422 731 630 806 revocatur,
647 727 780 808 quippe
798 725 997 790 decertatio
1031 741 1097 807 per
1125 725 1200 790 vim
1227 743 1297 788 non
1324 723 1414 790 vide·

309 841 366 896 tur
384 832 720 897 accensendainter
747 849 853 896 casus
880 832 1066 914 legitimae
1098 831 1328 910 defensionis
1353 832 1415 896 etsi

308 955 398 1003 vero
412 939 588 1020 eJ'usmodi
601 941 660 1020 jus
678 947 938 1021 agnosceretur
965 957 1032 1002 ceu
1064 939 1277 1020 legitimum,
1306 945 1414 1002 cessat

309 1063 389 1109 cum
408 1046 641 1139 adversarius
654 1063 693 1110 se
706 1044 806 1110 dedit
821 1045 883 1110 vel
900 1046 1109 1127 paciscitur,
1129 1046 1214 1128 quia
1238 1051 1323 1110 tunc
1348 1063 1414 1110 ces-

308 1163 367 1218 sat
378 1153 547 1236 aggresio
565 1171 608 1218 ao
625 1153 778 1236 proinde
795 1154 888 1218 ratio
904 1153 1137 1218 defensionis.

398 1261 451 1324 ‘29
498 1261 774 1325 Debellantibus
808 1277 951 1342 quoque
979 1259 1257 1326 adscribendum
1289 1265 1342 1324 est
1364 1261 1418 1340 jns
1509 1265 1510 1286 ¹

310 1369 536 1450 captivitatis
553 1373 628 1431 tum
646 1366 766 1450 quoad
783 1365 905 1430 hostes
923 1369 1066 1448 activos,
1085 1372 1160 1430 tum
1177 1367 1298 1449 quoad
1314 1367 1418 1430 inimi·

309 1491 371 1538 cos
383 1476 558 1558 passivos,
573 1476 693 1556 gratia
718 1473 911 1556 frangendi
926 1474 1024 1538 vires
1042 1491 1086 1537 ac
1102 1474 1285 1538 minuendi
1302 1475 1419 1554 copias

309 1579 527 1644 adversarii.
546 1581 624 1662 Age
633 1581 724 1662 J'am‚
740 1580 846 1660 juxta
864 1585 975 1661 pacta
987 1579 1285 1644 internetionalia
1302 1585 1337 1644 et
1353 1597 1421 1642 mo·
1510 1615 1511 1644 t

309 1703 368 1750 res
385 1686 482 1768 apud
499 1693 626 1768 gentes
639 1691 821 1768 receptos,
841 1703 886 1750 ex
903 1687 1001 1750 facto
1016 1685 1242 1768 captivitatis
1254 1703 1423 1750 enascun-

309 1800 367 1857 tur
382 1793 583 1874 peculiaria
596 1794 681 1873 jura
695 1799 731 1856 ct
748 1792 990 1874 obligationes
1006 1793 1101 1856 inter
1128 1792 1313 1874 captivum
1340 1791 1423 1854 belli

310 1904 346 1962 et
362 1899 502 1964 Statum
520 1901 781 1980 captivantem:
803 1899 972 1980 captivus
985 1900 1044 1980 jus
1061 1899 1172 1962 habet
1189 1897 1236 1962 ad
1267 1895 1423 1962 conside-

309 2007 487 2070 rationem
502 2023 591 2070 suae
608 2005 838 2069 hierarchiae
858 2005 919 2070 vel
932 2005 1061 2087 gradui
1079 2005 1226 2068 militari
1256 2004 1422 2082 debitam,
1511 2023 1512 2028 ¹

309 2113 357 2176 ad
373 2113 595 2194 alimoniam,
614 2111 659 2176 ad
676 2117 815 2176 vestem
830 2117 867 2174 et
884 2111 930 2174 ad
947 2111 1215 2194 exemptionem
1246 2130 1269 2174 a
1298 2111 1422 2174 labori·

309 2219 375 2284 bus
400 2219 537 2284 coactis
567 2219 744 2300 (trabajos
775 2218 972 2299 forzados);
1005 2219 1165 2284 vicissim
1198 2225 1318 2282 autem
1349 2218 1423 2299 ipse

310 2327 533 2408 obligatione
548 2325 785 2407 adstringitur
803 2343 905 2390 arma
938 2333 973 2390 et
1001 2326 1218 2390 munitiones
1246 2323 1422 2403 tradendi,
1512 2327 1513 2332 ’

310 2449 453 2512 nomen,
474 2449 687 2513 cognomen,
707 2432 870 2512 gradum,
900 2431 1156 2511 conditionem,
1190 2438 1425 2513 caeterasque

309 2541 458 2604 notitias
473 2539 696 2618 declarandi,
717 2557 811 2620 quae
828 2557 894 2620 per
912 2539 1039 2603 ducem
1057 2540 1281 2603 contrarium
1312 2539 1357 2603 ab
1385 2557 1425 2602 eo

309 2648 404 2710 forte
421 2651 645 2727 repetantur.
665 2645 821 2710 Servata
838 2646 949 2726 igitur
965 2645 1221 2726 correlatione,
1244 2646 1331 2726 jura
1346 2664 1426 2729 eap-
1513 2651 1514 2722 1

309 2755 465 2818 tivorum
482 2754 602 2816 officia
615 2751 737 2816 Status
754 2753 931 2835 capientis
946 2755 1180 2834 constituunt,
1200 2759 1237 2816 et
1250 2755 1425 2818 vioe-ver-

310 2877 351 2922 sa
369 2859 609 2940 obligationes
623 2862 851 2942 captivorum
866 2863 951 2941 jura
967 2861 1211 2925 determinant
1243 2878 1288 2926 ac
1318 2863 1425 2944 impo-

310 2973 400 3031 nunt
417 2967 555 3030 nationi
571 2974 607 3031 et
622 2969 798 3032 exercitui
813 2969 1027 3049 captivanti.

400 3072 604 3156 Captivitas
637 3083 792 3156 quatuor
825 3075 1032 3157 praecipuis
1062 3075 1175 3139 modis
1210 3075 1426 3138 concludere

311 3187 443 3263 potest:
460 3183 511 3246 1.⁰
525 3183 694 3264 pactione
710 3183 824 3264 pacis;
840 3183 973 3257 etenim
992 3183 1157 3247 absoluto
1173 3183 1281 3265 bello,
1299 3181 1427 3245 desunt

311 3289 459 3368 inimici,
478 3289 632 3371 ideoque
645 3307 795 3353 necesse
812 3307 883 3352 non
901 3297 955 3353 est
971 3307 1093 3353 eorum
1119 3291 1218 3352 vires
1244 3289 1426 3352 imminue·

311 3412 351 3458 re
364 3413 407 3458 ac
420 3395 634 3476 subducere,
652 3395 771 3477 inquo
790 3395 929 3459 sistitur
946 3397 1052 3460 unica
1075 3397 1169 3459 ratio
1188 3401 1225 3458 et
1241 3395 1424 3460 iulcimeu·

311 3505 386 3566 tum
420 3511 608 3584 capturae;
638 3501 690 3565 23²
722 3503 988 3583 permutatione
1021 3503 1154 3584 (canje)
1189 3503 1426 3583 captivorum,

311 3609 461 3690 quaeiit
494 3610 715 3673 enumeratis
748 3610 925 3691 personis,
957 3609 1131 3690 spectatis
1156 3607 1339 3690 gradibus,
1370 3607 1426 3672 vel

312 3717 530 3797 computatis
548 3715 744 3782 individuis
757 3717 863 3797 Juxta
882 3717 1145 3796 praestantiam
1163 3715 1425 3780 hierarchicam

192 3813 196 3822 ’
311 3823 501 3904 graduum3
521 3821 572 3886 3.⁰
585 3823 702 3904 pretio
720 3821 980 3904 redemptionis
993 3823 1176 3906 (rescate),
1192 3823 1309 3886 forma
1322 3821 1424 3886 bodie

312 3930 448 4011 passim
480 3929 656 4010 obsoleta,
687 3929 772 4011 quia
804 3929 955 3992 libertas
987 3929 1112 4011 nequit
1136 3945 1215 3994 esse
1249 3929 1425 4010 objectum

312 4043 534 4116 contractum
551 4037 605 4100 4.⁰
621 4036 687 4100 sub
700 4035 770 4099 fide
784 4036 963 4118 promissa
979 4036 1148 4117 (palabra
1166 4035 1209 4099 de
1226 4035 1355 4109 honori
1372 4051 1424 4098 oa·

311 4143 495 4225 ptivorum
526 4145 588 4208 vel
618 4143 739 4208 Status
757 4160 880 4207 eorum
901 4143 1046 4206 nomine
1079 4159 1160 4208 sese
1192 4143 1422 4224 obligantium

312 4267 385 4314 non
410 4251 566 4332 amplius
581 4253 618 4314 in
633 4257 816 4333 posterum
833 4251 955 4315 active
979 4251 1039 4314 vel
1057 4251 1203 4334 passive
1223 4249 1317 4315 bello
1345 4266 1426 4333 par·

265 4361 270 4372 '
314 4359 479 4442 ticipare.
