3096 4986
553 338 712 398 ..cp-

163 481 337 565 Tempore
355 482 575 564 feudalismi,
595 486 720 548 notum
737 485 793 548 est
811 487 887 548 tum
904 483 1000 548 bona
1014 484 1189 567 feudalia,

95 587 152 650 tum
171 587 266 670 ipsos
282 589 507 654 feodatarios
525 608 547 654 a
575 589 731 672 publicis
750 589 895 654 tributis
929 590 1041 654 fuisse
1072 607 1191 656 exem·

94 695 167 776 ptos,
186 711 227 760 eo
260 695 356 778 quod
388 697 612 778 putabantur
639 697 728 762 satis
756 695 984 778 reipublicae
1009 697 1191 762 inservire

95 816 219 880 operam
255 803 487 884 personalem
516 803 737 886 praestando
772 805 810 867 in
841 801 1049 886 Principum
1088 804 1188 868 obse-

95 906 192 986 quium
204 925 249 973 ao
262 907 522 991 defensionem3
538 909 622 974 hinc
630 911 714 992 jure
728 909 862 992 optimo
877 913 914 974 et
926 910 1086 974 maxima
1105 927 1187 974 cum

95 1015 255 1094 aequitate
289 1016 398 1080 rebus
425 1021 463 1080 et
494 1017 660 1098 personis
691 1016 806 1080 sacris
839 1015 935 1081 idem
969 1017 1189 1099 principium

94 1120 294 1201 applicatum
310 1123 391 1204 fuit,
410 1122 702 1207 quandoquidem
726 1124 822 1188 bona
852 1122 1107 1188 ecclesiastica
1135 1141 1189 1188 re-

94 1223 197 1306 ligioni
212 1227 334 1293 dicata
351 1232 389 1293 et
403 1245 584 1310 personae
600 1229 817 1295 clericorum
841 1230 1023 1312 spirituali
1041 1230 1193 1295 militiae

95 1330 238 1399 addictae
255 1352 484 1420 summopere
496 1337 574 1418 jam
595 1336 807 1402 serviebant
824 1336 993 1420 publicae
1026 1336 1190 1420 utilitati,

96 1453 157 1503 curn
171 1441 296 1522 religio
326 1443 521 1524 plurimum
547 1443 633 1508 boni
650 1447 760 1527 atque
777 1443 963 1526 ingentem
998 1443 1194 1509 utilitatem

96 1548 240 1612 societati
256 1549 357 1614 civili
375 1551 522 1616 alferat.
705 1627 707 1630 ,

165 1655 216 1736 34,
263 1655 367 1736 Quod
380 1657 427 1722 ad
434 1660 499 1745 jus
511 1657 603 1744 asyli
630 1657 820 1740 speciatim
849 1657 1011 1740 respicit,
1025 1657 1118 1750 haec
1130 1656 1192 1721 im-

96 1761 229 1826 nouitas
246 1761 387 1844 localis,
407 1764 444 1828 vi
461 1763 564 1845 cujus
594 1763 778 1828 debitores
812 1767 849 1829 et
866 1763 921 1829 rei
938 1764 1129 1829 criminum
1147 1763 1194 1828 ad

96 1863 273 1933 Ecclesiam
290 1870 542 1953 confugientes
559 1872 627 1936 tuti
644 1877 740 1953 sunt,
769 1877 806 1936 et
821 1871 922 1936 illinc
950 1872 1028 1936 sine
1047 1871 1192 1954 piaculo

30 1987 31 2028 ὲ
97 1975 187 2039 avelli
201 1984 398 2060 nequeunt,
416 1996 438 2042 a
453 1978 696 2043 remotissima
725 1994 868 2062 quoque
897 1978 1116 2061 antiquitate
1135 1995 1190 2042 or-

30 2067 32 2102 *
98 2091 155 2146 tun
169 2081 275 2164 ducit;
295 2085 428 2150 etenim
453 2085 533 2167 ipsa
549 2091 682 2150 natura
698 2091 826 2167 gentes
843 2083 965 2150 docuit
981 2084 1085 2148 nefas
1113 2101 1194 2148 esse

97 2201 144 2250 eos
168 2191 318 2274 violare,
348 2191 410 2274 qui
438 2191 639 2274 adtempla
662 2191 741 2256 DIis
774 2191 896 2256 dicata
926 2191 1189 2272 confugissent:

96 2291 170 2378 hinc,
195 2301 286 2362 teste
302 2298 467 2380 historia,
500 2298 598 2382 epod
614 2295 776 2364 Graecos
793 2303 829 2362 et
846 2297 1026 2363 Romanos
1043 2297 1192 2380 templa,

97 2399 217 2485 altaria,
240 2404 449 2486 simulacra,
467 2404 541 2469 luci
572 2404 670 2468 sacri
704 2413 890 2487 tamquam
918 2403 1126 2468 securitatis
1158 2409 1195 2466 et

97 2509 172 2589 asyli
186 2511 265 2575 loca
283 2511 409 2576 habita
436 2517 532 2594 sunt3
564 2511 661 2594 apud
690 2511 878 2577 Hebraeos
903 2516 1025 2576 autem
1060 2529 1106 2576 ex
1122 2510 1193 2575 Dei

96 2613 187 2694 ipsius
203 2617 374 2682 mandato
391 2635 456 2683 sex
473 2618 581 2684 urbes
608 2619 740 2700 refugii
769 2618 990 2683 constitutae
1020 2619 1135 2700 inere,
1158 2621 1194 2682 et

97 2719 200 2786 ditare
215 2723 358 2806 Templi
374 2741 448 2805 eos,
464 2725 525 2808 qui
536 2725 643 2790 inviti
659 2725 720 2791 vel
737 2725 940 2790 inconsulto
956 2724 1189 2806 occidissent,

98 2827 256 2894 tuebatur.

149 2932 229 3002 Oum
244 2937 357 3019 igitur
369 2954 481 3020 penes
493 2935 668 3002 Ethnicos
682 2937 832 3020 templa,
852 2937 984 3002 altario
1001 2941 1037 3001 et
1051 2941 1196 3001 statuae

98 3035 341 3122 Imperatorum
355 3049 463 3127 atque
477 3044 574 3126 apud
587 3044 764 3126 Populum
777 3043 996 3108 Hebraicum
1014 3043 1194 3126 quaedam

30 3167 31 3200 1
98 3145 186 3214 urbes
202 3156 237 3215 et
262 3151 391 3215 Altare
418 3150 589 3233 praelata
609 3150 837 3215 immunitate
858 3151 1079 3229 fruerentur,
1113 3165 1195 3230 pro-

97 3267 166 3318 num
193 3262 248 3322 est
268 3257 443 3340 colligere
474 3257 571 3339 apud
603 3254 841 3338 Christianos,
873 3257 955 3338 lege
973 3253 1194 3335 evangelica

98 3365 308 3447 promulgata
324 3368 361 3428 et
384 3381 482 3428 nova
497 3364 675 3446 religione
689 3364 734 3427 ab
752 3364 907 3446 ipsomet
923 3361 1000 3426 Deo
1025 3361 1192 3442 fundata,

99 3463 306 3535 locosancto
324 3469 457 3553 potiori
472 3470 616 3534 ratione
634 3477 670 3534 et
688 3470 819 3551 majori
841 3468 1025 3551 aequitate
1040 3469 1196 3550 ejusmo-

98 3569 126 3634 di
152 3577 340 3660 privilegio
357 3593 438 3642 esse
455 3575 727 3659 locupletanda.
761 3575 806 3640 nt
823 3592 912 3640 sane
936 3575 1020 3656 iure
1037 3575 1132 3657 asyli
1149 3575 1195 3640 ab

97 3676 171 3759 ipsis
184 3683 410 3750 incunabulis
427 3683 585 3749 donatae
602 3687 687 3749 sunt
711 3682 845 3748 Christi
864 3681 1065 3764 Ecclesiae,
1097 3687 1196 3746 anto·

99 3801 187 3866 quam
199 3791 367 3856 ederetur
380 3793 497 3874 prime
512 3791 573 3856 lex
592 3792 709 3856 civilis
729 3790 799 3854 hac
815 3807 923 3872 super
941 3807 994 3870 re;
1012 3807 1097 3853 nam
1114 3805 1196 3852 san·

99 3891 158 3956 ctio
179 3894 367 3961 Theodosii
384 3914 480 3961 anno
510 3895 682 3977 4141ata,
703 3899 740 3960 et
757 3913 850 3978 quae
881 3895 1035 3960 habetur
1052 3893 1161 3958 Libro
1180 3893 1197 3958 I

99 3995 221 4067 Codicis
249 4003 491 4069 Theodosiani
524 4005 590 4069 sub
623 4003 727 4068 titulo
746 4003 785 4068 de
802 4003 847 4068 iis
864 4003 922 4086 qui
939 4001 986 4067 ad
1002 3999 1197 4066 Ecclesiam

99 4110 290 4195 confugiant,
308 4131 382 4176 non
410 4113 525 4194 primo
540 4113 600 4194 Jus
618 4111 713 4193 asyli
738 4109 938 4191 constituit,
970 4108 1035 4172 sed
1052 4106 1197 4172 modum

30 4299 31 4312 ἵ
101 4214 204 4291 potius
216 4224 249 4283 et
264 4219 398 4286 limites
415 4219 593 4302 decrevit,
612 4217 708 4301 quod
725 4216 916 4284 evidenter
934 4213 1093 4280 ostendit
1106 4213 1197 4296 jam·

530 4354 534 4360 -
1128 4323 1144 4371 s
