3028 4992
787 347 968 406 ..360-

315 489 416 571 ralis,
435 487 556 554 Status
574 507 663 556 vero
689 507 756 556 ceu
784 490 904 555 unitas
922 489 1136 570 artificialis;
1155 490 1250 555 unde
1266 495 1363 555 recte
1379 507 1433 555 se-

316 597 437 678 quitur
454 595 578 678 plures
596 595 764 661 nationes
781 597 1003 661 constituere
1020 613 1127 679 posse
1143 595 1283 662 Statum
1312 615 1431 678 unum,

316 707 404 784 puta
431 719 489 766 ex.
521 719 577 784 gr.
610 703 1050 786 Austriam-Hungariam,
1085 709 1197 786 atque
1229 703 1433 768 vice-versa

316 826 424 874 unam
442 815 583 874 tantum
610 810 795 875 nationem
811 810 848 874 in
877 810 1000 892 plures
1027 808 1148 874 Status
1177 809 1433 875 desmembrari
1503 843 1504 874 ³

316 933 435 1000 posse,
455 916 506 980 uti
535 915 742 982 Americam
773 915 942 980 Latinam
970 915 1031 980 vel
1062 915 1294 980 Peninsulam
1324 915 1431 981 Iberi·

316 1039 408 1087 (iam.

404 1127 459 1192 32.
509 1125 683 1208 Quamvis
701 1127 863 1194 Historia
880 1129 984 1192 nobis
1001 1133 1158 1192 testatur
1174 1128 1294 1192 ideam
1321 1127 1432 1191 natio·
1503 1159 1504 1212 ,

315 1233 478 1298 ualitatis
492 1234 539 1298 ad
553 1235 794 1299 remotissima
808 1253 921 1317 usque
935 1239 1100 1316 tempora
1115 1253 1320 1317 assurgere,
1335 1235 1431 1316 quip-
1503 1245 1504 1294 i

315 1357 361 1423 pe
379 1345 602 1422 compertum
631 1341 727 1423 apud
757 1359 880 1406 omnes
909 1341 1064 1405 habetur
1097 1347 1178 1424 post
1210 1341 1434 1404 invasionem

315 1445 564 1511 Barbarorum
581 1452 618 1511 et
634 1447 786 1512 Romani
803 1447 952 1530 Imperii
970 1447 1244 1511 dissolutionem
1260 1447 1367 1529 plura
1381 1462 1432 1510 re·

316 1571 389 1635 gna
402 1553 439 1616 in
456 1550 654 1618 Occidente
672 1571 753 1618 esse
770 1555 928 1618 formata
945 1569 991 1618 ex
1009 1553 1097 1636 ipsis
1125 1553 1262 1616 veteris
1290 1551 1434 1634 Imperii

315 1661 443 1740 ruiniS,
462 1663 625 1724 attamen
653 1661 871 1744 principium
889 1661 1149 1726 rationalitatis
1177 1660 1340 1724 insensu
1367 1663 1432 1741 'quo

315 1781 411 1828 nunc
428 1765 582 1829 sumitur
597 1767 710 1848 natio,
737 1766 783 1832 ab
800 1767 904 1831 initio
921 1767 1060 1830 saeculi
1077 1765 1165 1830 XIX
1182 1765 1360 1846 originem
1376 1763 1433 1827 du·

248 1901 252 1908 ·
316 1870 376 1950 cit,
397 1876 515 1934 ortum
532 1871 699 1953 equidem
716 1889 761 1936 ex
780 1871 861 1936 odio
892 1879 928 1935 et
945 1871 1264 1936 animadversione
1296 1869 1433 1934 Galliae

316 1993 404 2058 erga
419 1975 666 2060 Germaniam,
685 1983 797 2060 atque
830 1998 852 2043 a
869 1979 1008 2043 celebri
1020 1979 1154 2060 jurleta
1172 1978 1317 2060 anglico
1335 1976 1434 2042 Wea·

316 2085 378 2146 ton
395 2083 442 2166 (1)
460 2083 658 2166 praecipue
673 2089 852 2170 assertum
870 2093 906 2148 et
923 2085 1168 2166 propalatum.

403 2191 459 2256 Ex
476 2199 562 2256 tunc
579 2193 753 2276 temporis
772 2193 937 2275 plerique
955 2198 1175 2256 tractatores
1192 2191 1214 2256 J
1218 2192 1291 2256 uris
1320 2190 1432 2255 Publi·

316 2298 349 2360 ci
366 2297 665 2364 Internationalis
681 2299 718 2364 in
739 2298 871 2382 Gallia,
891 2297 1101 2384 Germania,
1116 2299 1238 2379 Italia,
1257 2298 1432 2378 etiamque

315 2403 352 2466 in
368 2403 552 2485 Helvetia,
571 2405 735 2468 stabilire
749 2423 793 2468 ac
823 2421 1056 2488 propugnare
1088 2405 1174 2469 totis
1205 2405 1343 2468 viribus
1370 2402 1433 2466 nisi

315 2515 398 2572 suut
414 2517 625 2590 sequentem
644 2510 834 2591 theoriam,
850 2529 958 2593 quam
977 2511 1196 2592 principium
1216 2510 1432 2576 aafionaltta·

315 2617 565 2696 tz'sappellare
594 2617 725 2680 solent:
756 2625 900 2699 oportet
930 2635 1222 2699 unamquamque
1255 2617 1432 2680 nationem

315 2737 424 2783 unum
442 2739 485 2784 ac
503 2722 709 2786 distinctum
727 2722 866 2786 Statum
884 2725 1119 2802 constituere,
1154 2723 1208 2788 ita
1242 2732 1280 2786 ut
1307 2723 1431 2786 limites

315 2824 479 2889 Statuam
498 2844 577 2890 cnm
596 2828 724 2893 finibus
742 2829 935 2892 Nationum
964 2830 1202 2912 conveniant,
1233 2837 1343 2912 atque
1370 2828 1431 2891 hoc

314 2937 423 3013 pacto
452 2943 651 3014 exsurgant
679 2943 715 2997 et
732 2935 966 2999 instituantur
987 2953 1143 3017 magnae
1162 2936 1345 3000 hominum
1376 2951 1429 3014 ag·

314 3039 563 3120 grupationes,
580 3057 685 3120 quae,
701 3041 793 3104 sicut
807 3043 1097 3106 communionem
1111 3042 1276 3124 originis,
1292 3042 1430 3123 linguae

315 3163 359 3208 ac
375 3145 549 3208 historiae
566 3145 713 3228 habent,
733 3148 786 3210 sic
802 3149 912 3211 etiam
945 3149 1110 3212 eamdem
1144 3149 1428 3214 constitutionem

315 3251 501 3332 politicam
519 3253 717 3334 obtineant,
743 3253 942 3336 eodemque
956 3255 1039 3335 jure
1059 3257 1234 3337 polleant.

404 3356 616 3436 Hujusmodi
634 3357 866 3439 principium,
886 3360 1062 3443 quidquid
1080 3361 1263 3427 blaterant
1280 3362 1358 3443 ejus
1374 3376 1427 3440 pa·

315 3461 569 3542 trocinatores,
589 3469 625 3525 et
659 3463 745 3526 licet
777 3465 1007 3544 speculative
1037 3467 1206 3532 videatur
1238 3462 1428 3532 evolutioni

277 3633 282 3642 ,
315 3583 359 3628 ac
375 3565 537 3629 firmitati
553 3566 575 3630 J
580 3567 652 3630 uris
667 3569 828 3648 gentium
854 3571 996 3652 favere,
1022 3573 1058 3636 in
1077 3575 1185 3655 praxi
1217 3574 1427 3638 dificillimae

315 3671 571 3751 applicationis
589 3691 734 3754 sempor
752 3675 833 3756 erit;
853 3683 927 3741 tum
946 3679 1032 3759 quia
1044 3681 1244 3745 nonnullae
1256 3681 1425 3754 nationes

314 3779 428 3842 veluti
445 3779 598 3844 Turcica
616 3789 651 3843 et
664 3779 820 3862 Graeca,
838 3784 889 3846 ita
905 3786 1111 3864 permixtae
1125 3795 1236 3870 atque
1266 3787 1427 3852 confusae

315 3884 412 3965 apud
428 3885 569 3968 aliquas
583 3887 680 3949 orbis
698 3889 867 3969 regiones
887 3891 1061 3974 existant,
1082 3901 1196 3958 utres
1214 3911 1363 3976 prorsus
1374 3890 1427 3952 im·

316 4045 528 4058 -....-—..

387 4163 427 4225 (l)
462 4161 602 4218 Elementa
626 4165 662 4218 du
675 4163 760 4219 Drot't
771 4165 979 4224 internetione.
1002 4169 1128 4240 Leipzig,
1143 4172 1377 4228 rein-Histoire
1395 4161 1426 4217 dil

311 4230 427 4298 propris
436 4231 472 4286 du
485 4233 570 4289 Drot't
582 4235 627 4290 dcc
633 4252 706 4316 pens,
719 4240 795 4291 1864.
