3028 4992
787 368 963 426 -362-

312 512 406 576 citur
420 530 466 576 ex
488 529 554 576 usu
572 519 682 595 atque
700 512 896 594 adoptione
913 511 1074 592 ejusdem
1090 511 1247 592 linguae.
1269 509 1429 591 Denique

311 635 394 682 cum
411 617 503 682 haec
522 637 621 683 nova
641 619 805 682 theoriae
834 618 993 683 evolutio
1012 615 1244 681 Germaniam
1273 617 1429 696 aliosque

310 723 435 788 Status
453 723 497 788 de
514 725 701 806 injustitia
734 730 770 790 ct
787 731 917 806 aperta
933 723 1094 788 laesione
1125 741 1213 804 erga
1229 722 1431 786 libertatem

312 835 350 893 et
379 831 704 913 independentiam
735 831 891 894 infelicis
917 830 1088 894 Poloniae
1116 830 1223 912 plene
1251 833 1429 910 argueret,

313 935 527 1001 defensores
545 937 655 1018 hujus
672 937 875 1002 sententiae
892 937 938 1000 ad
970 936 1172 1020 etholopium
1188 935 1429 1016 appellarunt,

313 1043 524 1106 effutientes
552 1045 625 1108 vim
661 1043 889 1108 cohaesionis
906 1043 1000 1106 inter
1017 1049 1157 1124 gentes,
1192 1048 1230 1106 ut
1254 1041 1433 1106 nationem

314 1151 538 1214 constituere
557 1150 709 1232 possint,
728 1150 835 1214 sitam
854 1167 934 1213 esse
952 1150 989 1213 in
1006 1167 1048 1213 eo
1067 1147 1163 1231 quod
1176 1147 1344 1212 dictitant
1359 1167 1432 1211 coa·

313 1257 495 1320 scientium
509 1258 698 1321 communia
712 1258 880 1338 culturae,
895 1255 930 1320 id
948 1261 1014 1336 est,
1029 1256 1065 1319 in
1083 1253 1239 1337 quodam
1256 1271 1362 1317 sensu
1379 1270 1431 1316 so-

314 1361 510 1425 lidaritatis
529 1379 574 1426 ex
592 1362 720 1426 eadem
734 1363 877 1426 cultura
890 1363 1106 1444 proiectum,
1138 1361 1175 1424 vi
1193 1361 1295 1442 cnjus
1313 1359 1434 1441 populi

314 1468 352 1530 in
386 1485 494 1531 unam
514 1469 701 1549 politicam
719 1469 1021 1550 aggrnpationem
1052 1467 1217 1548 tendunt,
1248 1465 1432 1548 eidemque

313 1573 393 1637 Juri
411 1591 489 1636 sese
508 1573 716 1654 subjiciunt.

405 1679 511 1760 Apud
531 1679 643 1743 Italos
658 1679 793 1762 duplex
817 1679 989 1762 placitum
1009 1677 1119 1760 viget,
1154 1677 1310 1742 Mancini
1328 1680 1433 1758 atque

315 1785 501 1864 Mamiani,
524 1785 610 1849 licet
627 1786 774 1850 tandem
792 1785 932 1850 theoria
950 1785 1182 1850 manciniana
1213 1783 1432 1866 praevaluit:

315 1892 576 1956 celeberrimus
595 1899 770 1973 patronus
789 1893 951 1956 theoriae
968 1892 1262 1956 nationalitatum
1297 1895 1434 1954 senten-

315 1999 404 2062 tiam
424 2000 649 2080 ecclroticam,
669 2005 707 2062 ut
724 2001 775 2062 ita
791 1999 922 2077 dicam,
952 1999 1141 2080 proposuit
1169 2016 1213 2062 ac
1231 2015 1434 2080 propugna-

317 2106 385 2186 vit;
403 2107 511 2188 juxta
529 2106 700 2188 Mancini,
714 2107 986 2170 nationalitates
1004 2105 1194 2170 habendae
1211 2111 1294 2168 sunt
1320 2105 1369 2166 uti
1386 2103 1433 2166 el·

317 2213 436 2276 iectus
454 2213 684 2276 necessarius
705 2213 764 2276 vel
783 2213 1049 2276 consectarium
1065 2211 1226 2292 legitime
1245 2210 1433 2274 deductum

316 2337 363 2382 ex
380 2319 521 2382 lusione
538 2335 601 2382 seu
620 2319 888 2383 combinatione
902 2321 1059 2382 omnium
1077 2319 1351 2395 elementorum,
1368 2315 1433 2380 ori·

315 2425 422 2506 ginis,
441 2425 635 2506 idiomatis,
670 2427 855 2506 territorii,
874 2425 1060 2506 historiae,
1095 2431 1180 2504 etc.;
1199 2425 1250 2488 ita
1268 2429 1307 2487 ut
1322 2423 1432 2486 natio-

316 2548 382 2592 nes
401 2531 645 2612 organismum
666 2532 845 2612 naturale,
861 2531 1069 2595 historicum
1096 2549 1184 2596 vere
1202 2531 1433 2606 constituant,

318 2641 442 2716 utpote
461 2657 481 2699 a
499 2637 641 2701 Natura
659 2639 804 2719 genitae
824 2639 869 2702 ob
887 2639 1175 2702 communionem
1202 2638 1337 2720 stirpis,
1369 2644 1432 2700 ter·
1503 2709 1504 2722 χ

316 2741 435 2804 ritorii
466 2751 502 2806 et
530 2744 689 2825 linguae,
708 2745 886 2826 simulque
914 2744 960 2806 ab
992 2743 1153 2808 Historia
1182 2745 1361 2808 formatae
1392 2741 1433 2805 ob
1503 2737 1504 2773 l

318 2847 546 2912 identitatem
583 2869 723 2928 usuum,
762 2851 1007 2930 traditionum,
1056 2851 1257 2930 habituum,
1293 2849 1431 2928 indolis,

318 2953 544 3036 aliorumque
577 2958 838 3020 elementorum
882 2957 988 3038 hujus
1020 2957 1176 3038 generis:
1211 2957 1308 3036 hino,
1340 2957 1433 3020 hisce

318 3059 596 3125 characteribus
615 3063 926 3144 concurrentibus,
945 3070 1032 3126 nota
1048 3063 1304 3128 differentialis
1324 3061 1431 3126 natio·
1502 3049 1503 3062 ¹

317 3185 401 3230 nurn
420 3169 456 3231 in
475 3169 613 3232 unitate
633 3170 762 3232 morali
780 3171 977 3233 communis
1009 3171 1241 3252 cogitationis
1274 3170 1431 3235 diversas

316 3281 445 3353 gentes
463 3274 698 3355 pervadentis
716 3277 884 3356 ponenda
902 3282 969 3340 est.
992 3276 1177 3340 Adversus
1191 3276 1349 3340 Mancini
1365 3274 1430 3338 Ma·
1501 3343 1502 3356 ,

319 3381 430 3444 miani
448 3382 605 3462 probare
619 3399 814 3462 aggressus
831 3395 885 3445 est
903 3384 1122 3447 elementum
1139 3385 1240 3448 reale
1253 3391 1364 3466 atque
1382 3383 1430 3462 ju·

320 3486 472 3550 ridicum
491 3488 649 3551 nationis
667 3505 747 3552 esse
764 3489 949 3570 potissime
966 3491 1126 3570 gentium
1142 3507 1357 3554 consensum
1374 3503 1432 3550 sen

319 3592 545 3656 voluntatem
565 3595 780 3676 populorum
798 3595 835 3658 in
852 3595 1080 3659 efformanda
1098 3597 1246 3660 natione
1263 3603 1301 3660 et
1325 3597 1430 3660 libero
1500 3635 1501 3642 ,

320 3697 496 3776 gubernio
511 3699 578 3762 sibi
595 3700 775 3780 eligendo:
790 3701 990 3765 istiusmodi
1007 3701 1183 3766 theoriam
1197 3703 1355 3766 libenter
1366 3715 1429 3762 em·

323 3802 462 3881 plexati
486 3811 569 3866 sunt
597 3807 795 3887 scriptores
812 3809 1023 3888 amaricani3
1054 3815 1229 3888 attamen,
1249 3827 1331 3873 cunr
1359 3809 1431 3888 post

318 3909 451 3972 bellum
480 3912 697 3976 secessionis
715 3914 809 3976 inter
832 3913 952 3977 Status
969 3913 1237 3996 Septentrionis
1263 3923 1301 3980 et
1317 3909 1429 3980 austri
1499 3931 1500 3934 ¹

319 4015 457 4092 politici
475 4024 512 4078 et
526 4017 681 4096 juristae
695 4018 845 4082 Unionis
859 4019 1100 4084 Americanae
1118 4021 1186 4086 sibi
1201 4017 1427 4086 contradixis-

322 4127 414 4196 sent,
435 4121 554 4200 opinio
569 4121 739 4186 Mamiani
756 4125 1011 4203 gravissimum
1025 4127 1157 4190 vulnus
1173 4129 1295 4192 subiit.

394 4223 1426 4314 Postremo,tractatoresetjurisconsultlHelvetiae,cum
1498 4213 1499 4241 ³
