3028 4992
777 367 957 426 -312-

305 527 422 593 aeque
448 509 684 592 participare,
704 513 767 574 aut
784 509 927 594 populis
945 509 1111 589 detectis,
1139 507 1235 590 quod
1253 523 1326 571 non
1344 523 1445 570 raro

305 616 451 698 accidit,
471 633 573 680 arma
589 616 865 682 subministrare
882 621 1010 681 contra
1027 615 1246 680 christianos
1260 613 1446 696 explora·

306 728 404 786 tores
422 721 612 788 vertenda.

395 831 428 908 b)
476 828 576 894 Idem
593 829 788 912 aequitatis
805 847 933 894 sensus
958 831 1086 910 aperte
1112 827 1289 910 patefacit
1314 825 1446 890 natio-

305 951 387 1000 nem
404 935 465 999 vel
483 935 685 1017 principem
702 953 799 1000 nova
817 935 1002 999 territoria
1021 933 1252 1014 detegentem
1266 936 1330 996 aut
1342 930 1445 1013 legi-

305 1041 392 1105 time
407 1041 629 1106 obtinentem
643 1059 715 1105 nou
733 1041 837 1107 modo
856 1041 1035 1105 facultate
1052 1039 1212 1122 gaudere
1226 1035 1446 1119 occupandi

306 1151 424 1212 terras
452 1147 616 1212 desertas
634 1153 732 1212 suta
750 1147 906 1212 dominis
924 1147 992 1212 sibi
1022 1163 1228 1224 concessas,
1248 1149 1443 1208 caeteros·

307 1271 377 1336 que
403 1253 449 1318 ab
467 1255 519 1318 eis
538 1253 761 1336 occupandis
794 1253 1025 1334 excludendi;
1047 1269 1175 1317 verum
1208 1251 1319 1315 etiam
1348 1250 1443 1330 jure

306 1358 416 1440 potiri
432 1378 454 1423 a
467 1361 610 1442 populis
630 1361 794 1442 detectis,
813 1361 922 1425 etiam
938 1361 975 1424 in
993 1377 1081 1423 suae
1094 1358 1275 1423 libertatis
1292 1356 1443 1420 fruitio-

306 1481 352 1530 ne
369 1467 702 1548 perseverantibus,
722 1467 900 1550 quaedam
919 1466 1096 1550 specialia
1113 1464 1309 1548 privilegia
1328 1479 1441 1544 repe·

306 1579 397 1655 tere,
416 1591 461 1638 ac
476 1576 692 1657 praesertim
721 1577 947 1640 exclusivum
982 1574 1252 1653 commercium,
1271 1573 1308 1634 in
1337 1587 1441 1636 corn-

306 1681 558 1760 pensatiouem
575 1697 829 1764 expensarum,
848 1699 942 1765 quae
960 1681 1173 1746 occassione
1189 1677 1442 1761 expeditionis

306 1783 385 1848 fieri
403 1791 439 1849 et
455 1787 639 1869 sufragari
657 1787 802 1852 debent.

397 1894 427 1970 c)
475 1891 640 1974 Denique
654 1893 781 1957 eadem
813 1893 980 1975 aequitas
999 1897 1036 1956 et
1054 1890 1232 1954 naturalis
1250 1888 1347 1952 ratio
1366 1887 1441 1952 dis-

306 1999 404 2059 serte
421 1996 528 2062 docet
543 1999 579 2062 iu
597 1999 921 2081 praestantissimis
950 1997 1105 2079 negotiis
1124 1997 1223 2060 circa
1240 1995 1382 2059 insulas
1402 2000 1442 2058 et

306 2102 475 2182 regiones
491 2105 579 2168 novi
596 2104 693 2168 orbis
722 2104 954 2168 versantibus
985 2109 1155 2185 oportere
1189 2101 1235 2165 ab
1265 2100 1440 2164 omnibus

307 2210 449 2273 servari
467 2215 576 2292 atque
593 2211 714 2293 palam
733 2211 884 2290 agnosci
903 2210 1095 2293 quemdam
1113 2209 1278 2273 ordinem
1294 2224 1340 2270 ac
1353 2225 1439 2271 nor·

307 2333 415 2398 mam,
432 2322 470 2382 ut
482 2318 534 2382 ita
547 2317 677 2397 dicam,
689 2316 1184 2400 juridico-internetionalem
1198 2314 1245 2378 ad
1260 2314 1440 2378 vitandas

306 2423 517 2503 probabiles
547 2425 761 2504 discordias,
795 2429 832 2487 et
859 2425 957 2488 bella
986 2425 1081 2488 inter
1112 2423 1211 2504 ipsos
1243 2419 1439 2502 Principes

307 2527 524 2595 christianos
553 2531 828 2612 praevenienda
845 2535 882 2597 in
900 2550 988 2597 casu
1006 2532 1208 2613 conflictus,
1238 2547 1385 2612 nempe,
1406 2528 1440 2592 si

308 2634 451 2714 quando
469 2634 637 2702 diversae
654 2642 781 2719 gentes
798 2639 940 2702 ratione
973 2638 1182 2702 commercii
1200 2637 1249 2702 ad
1289 2634 1437 2718 praedi-

308 2743 387 2801 ctas
403 2745 521 2806 terras
538 2759 757 2808 concurrere
775 2743 925 2823 vellent,
945 2761 1078 2827 exque
1098 2749 1135 2808 ut
1159 2743 1355 2826 plurimum
1373 2757 1437 2820 ex-

307 2859 458 2925 surgere
470 2847 589 2910 solent
606 2849 700 2912 inter
717 2850 882 2913 nationes
910 2849 1038 2914 eodem
1052 2851 1135 2930 jnre
1164 2848 1353 2931 praeditas
1389 2848 1437 2911 si·

309 2951 491 3034 multatas,
507 2956 759 3018 contentiones
777 2961 813 3019 et
827 2955 937 3020 bella.

397 3064 475 3141 Age
484 3061 573 3142 jam,
589 3078 669 3125 cum
687 3079 814 3126 omncs
828 3064 995 3127 nationes
1027 3063 1108 3144 peri
1138 3063 1222 3144 jure
1249 3062 1436 3142 fruantur,

309 3183 432 3230 earum
452 3166 642 3250 Principes
656 3169 861 3250 praefatum
876 3169 1038 3233 ordinem
1049 3169 1246 3250 juridicum
1261 3169 1307 3232 ab
1321 3168 1434 3232 omni·

307 3273 374 3336 bus
392 3273 724 3354 recognoscendum
742 3274 942 3355 imponere,
962 3274 1023 3338 vel
1054 3279 1295 3338 memoratam
1328 3289 1431 3355 regu·

308 3379 380 3442 lam
398 3379 718 3443 internetionalem
735 3380 989 3461 praescribere
1014 3387 1214 3463 nequeunt;
1229 3381 1344 3462 igliur
1367 3397 1436 3462 pro

308 3485 474 3548 finiendis
492 3485 730 3550 relationibus
749 3503 829 3550 cum
848 3487 992 3567 populis
1006 3487 1190 3568 indigenis
1220 3492 1258 3550 et
1285 3503 1436 3568 praero-

309 3591 436 3672 gativa
453 3592 659 3655 commercii
683 3593 906 3673 assignanda
922 3594 1132 3656 necessario
1150 3593 1436 3673 confugiendum

310 3700 365 3759 est
382 3697 441 3760 vel
455 3697 501 3760 ad
518 3706 663 3780 pactum
694 3698 978 3763 internetionale
1012 3705 1048 3763 et
1078 3699 1303 3780 universale,
1339 3697 1436 3781 quod

310 3802 476 3884 equidem
493 3803 633 3885 epocha
651 3803 864 3868 delectionis
877 3805 964 3868 novi
979 3805 1102 3869 mundi
1118 3805 1265 3870 minime
1279 3805 1434 3884 exstitit3

309 3908 371 3970 vel
403 3907 449 3972 ad
462 3909 522 3989 Jus
538 3909 699 3990 speciale
717 3911 933 3992 acquisitum
952 3927 1018 3992 per
1043 3911 1279 3994 privilegium
1306 3927 1434 3993 perpe-

309 4018 409 4078 tuum
427 4033 449 4078 a
478 4017 638 4097 populis*
653 4015 805 4080 detectis
837 4017 1038 4099 obtentum,
1069 4017 1166 4100 quod
1191 4017 1293 4082 nullo
1324 4021 1435 4099 pacto

311 4121 451 4186 admitti
468 4129 601 4206 potest,
620 4129 745 4206 utpote
762 4125 967 4189 naturalem
986 4125 1235 4190 evolutionem
1253 4126 1435 4190 humanae

311 4227 510 4293 activitatis
535 4229 747 4311 impediens;
769 4230 829 4294 vel
848 4230 990 4296 demum
1007 4231 1271 4296 recurrendum
1303 4237 1361 4296 est
1389 4228 1435 4294 ad
