3058 4994
584 392 764 450 -437-

16 602 18 621 ,
112 499 294 600 cautionis
310 535 538 619 frequentius
557 536 691 600 usitata
708 553 774 618 pro
791 535 999 600 roboranda
1016 540 1052 599 et
1086 535 1239 601 tutanda

112 643 352 708 observantia
379 649 569 727 pactorum
587 643 634 706 ad
662 645 799 727 triplex
828 660 941 725 genus
972 645 1141 708 revocari
1157 661 1237 725 pos-

13 764 15 819 ,1
110 754 206 831 sunt,
227 750 385 833 scilicet,
405 751 538 816 obsides
557 768 795 833 personarum
828 751 952 831 regiae
970 749 1161 832 dynastiae
1177 751 1238 814 vel

14 930 15 951 χ
108 856 239 938 stirpis
258 857 562 940 spectatissimae,
576 859 730 942 pipaoru
747 874 868 922 rerum
885 857 1101 939 praesertim
1117 858 1239 921 immo·

109 961 238 1028 bilium
267 969 320 1044 (ut
352 963 544 1046 plurimum
563 965 759 1029 militarem
776 963 1051 1046 occupationem
1084 963 1238 1042 alicujus

109 1071 227 1150 partis
248 1071 478 1135 territorialis
498 1071 557 1134 vel
575 1070 813 1153 quarumdam
828 1071 966 1135 arcium
980 1071 1025 1134 ad
1043 1070 1239 1136 dominium

11 1164 12 1187 ¹
106 1173 236 1241 Status
255 1177 405 1259 obligati
439 1177 709 1260 spectantium),
739 1185 850 1260 atque
876 1177 1145 1265 fideijussioaem
1177 1178 1238 1242 vel

107 1285 215 1348 unius
234 1282 358 1348 Status
376 1289 412 1347 et
429 1290 517 1347 tuuc
544 1285 693 1368 simplem
711 1290 878 1364 vocatur,
913 1285 975 1348 vel
992 1283 1143 1349 duorum
1176 1289 1238 1348 aut

106 1389 271 1470 plurium
288 1389 455 1455 Statuum
473 1395 510 1453 et
527 1394 614 1454 tunc
632 1392 820 1486 compositu
838 1396 1079 1472 nuncupatur.

9 1574 11 1586 ι
198 1497 375 1562 Attamen
392 1497 583 1562 hodiedum
602 1497 699 1578 apud
718 1497 885 1562 nationes
910 1497 1039 1576 maj0ri
1070 1499 1236 1578 accepta·

9 1593 10 1602 ³
106 1603 208 1668 tione
227 1604 365 1687 gaudet
382 1622 471 1686 prae
489 1605 653 1669 omnibus
671 1603 954 1668 assecurationis
971 1602 1098 1666 mediis
1127 1619 1238 1684 supra

107 1711 324 1775 memoratis
341 1711 554 1790 arbitratus,
574 1710 610 1773 in
625 1727 667 1774 eo
687 1712 825 1791 positus
843 1708 938 1790 quod
962 1709 1165 1772 sententiae
1182 1725 1237 1771 ar-

9 1829 11 1878 ῖ
106 1815 194 1880 bitri
212 1818 277 1882 vel
292 1817 470 1882 decisioni
488 1817 681 1880 tribunalis
699 1817 884 1880 arbitralis
901 1816 1140 1898 subjiciantur
1155 1831 1238 1879 cun-

9 1901 11 1984 Ῐ
107 1927 191 1987 ctae
210 1925 489 1988 controversiae
504 1941 548 1987 ac
563 1923 804 1988 dissentiones
822 1926 972 2005 propter
987 1924 1239 1988 executionem

9 2009 11 2083 l
106 2033 144 2092 et
160 2031 440 2095 observantiam
458 2029 646 2094 foederum
663 2030 759 2093 inter
790 2029 912 2094 Status
949 2030 1111 2092 obortae.
1145 2028 1239 2092 Hinc

10 2157 11 2198 i
109 2138 312 2202 nonnullae
329 2137 532 2218 Potentiae,
549 2137 664 2201 veluti
681 2135 802 2201 Status
816 2137 967 2202 Unionis
984 2137 1236 2216 Americanae,

108 2240 235 2324 Italia,
255 2245 401 2327 AngHa,
420 2245 590 2327 aliaeque
617 2245 654 2309 in
671 2246 745 2309 suis
763 2243 925 2309 Comitiis
951 2245 1072 2326 palam
1097 2243 1237 2324 procla·

109 2353 260 2414 maruut
273 2351 532 2416 necessitatem
551 2353 827 2433 promissionem
843 2357 906 2414 aut
919 2349 1120 2413 clausulam
1144 2349 1238 2413 arbi-

110 2457 245 2522 tralem
263 2457 301 2521 in
314 2475 420 2522 omne
436 2464 583 2540 pactum
597 2459 882 2523 internetionale
899 2456 1103 2520 inducendi.

203 2562 280 2628 102.
326 2561 493 2628 Foedera
524 2565 672 2646 publica
701 2569 827 2646 utpote
855 2564 991 2646 duplici
1025 2563 1239 2626 charactere

110 2665 301 2750 insignita,
319 2687 463 2752 nempe,
483 2671 521 2734 vi
550 2671 642 2752 legis
671 2671 954 2736 internatioaaiis
984 2689 1005 2734 a
1033 2669 1239 2734 nationibus

111 2776 385 2852 paciscentibus
399 2777 618 2859 servandae,
637 2795 780 2860 unaque
796 2777 923 2859 vigore
942 2777 1034 2859 legis
1062 2779 1241 2844 interioris

9 2875 11 2914 ³
110 2880 277 2963 singulos
309 2884 410 2947 cives
442 2883 606 2948 Statuum
639 2884 931 2955 contrahentium
966 2885 1237 2966 obstringentis,

111 2984 420 3071 interpretatione
461 2991 680 3072 quandoque
713 2991 878 3074 indigent
916 2995 1032 3057 veluti
1071 2999 1240 3057 caeterae

113 3091 229 3176 leges.

204 3201 284 3266 Hac
301 3219 411 3284 super
430 3219 471 3266 re
487 3203 575 3267 satis
593 3203 691 3267 sitin
709 3205 920 3269 memoriam
937 3221 1115 3268 revocare
1135 3222 1238 3286 prae·

113 3305 224 3387 cipua
240 3309 556 3392 interpretationis
573 3327 722 3392 genera,
749 3329 793 3375 ac
810 3313 916 3376 simul
930 3313 1115 3394 inquirere
1129 3329 1238 3394 quae-

115 3427 201 3477 nam
218 3415 255 3478 in
272 3415 293 3479 J
297 3433 361 3480 ure
385 3415 665 3481 Intercationali
684 3435 787 3482 usum
812 3424 848 3481 et
870 3419 1153 3500 applicationem
1177 3419 1238 3483 ha·

115 3515 205 3584 bere
221 3521 348 3602 possit.

208 3627 338 3708 Quoad
378 3629 545 3694 diversas
584 3631 897 3712 interpretationis
939 3634 1081 3715 specics
1121 3633 1241 3715 operis

118 3736 274 3812 pretium
292 3734 457 3800 ducimus
476 3736 557 3800 heic
577 3737 711 3800 leviter
734 3738 919 3802 insinuare
951 3741 1073 3804 tritam
1098 3740 1241 3804 divisio-

119 3855 212 3926 nem,
233 3861 341 3926 quam
359 3845 599 3908 communiter
617 3845 765 3908 tradunt
787 3858 956 3910 auctores
988 3845 1079 3910 alias
1113 3849 1244 3930 origini

119 3945 440 4034 interpretationes
458 3951 694 4032 attendendo,
711 3953 803 4016 alias
822 3971 910 4018 vero
926 3955 1003 4034 ejus
1020 3953 1163 4020 modum
1181 3973 1242 4036 po·

120 4043 189 4120 tius
207 4059 419 4145 spectando:
438 4060 581 4123 ratione
595 4060 769 4143 principit
788 4077 851 4124 seu
864 4061 1010 4144 eripiaris
1027 4060 1136 4124 tribui
1149 4061 1242 4124 solet

121 4158 373 4246 interpretatio
387 4167 423 4229 in
440 4167 683 4248 authenticum,
702 4167 868 4247 usualem,
886 4167 1096 4252 judicialem
1113 4183 1157 4231 ac
1181 4168 1239 4233 do-

119 4271 314 4364 ctriaalem,
333 4277 441 4354 prout
458 4290 479 4336 a
495 4273 719 4356 legislatore,
736 4272 1008 4356 consuetudine,
1031 4273 1154 4355 jndice
1178 4275 1240 4338 vel
