3062 4994
777 385 958 448 -174-

389 528 442 594 4.⁰
488 528 642 594 Demum
659 529 761 612 leges
785 527 1072 594 amortizationis
1100 543 1248 610 prorsus
1271 525 1429 590 arbitra·

299 639 376 701 riae
393 636 584 701 habendae
608 641 704 719 sunt,
723 635 901 718 siquidem
919 634 1034 700 solido
1062 632 1297 711 fundamento
1315 629 1430 696 desti·
1528 689 1529 696 ,

300 747 413 823 tutae,
431 743 705 825 rationibusque
723 759 811 806 vere
835 741 1009 824 speciosis
1038 739 1211 816 suffultae
1229 741 1427 821 apparent:

299 849 501 930 enimvero,
531 855 688 932 quatuor
719 847 906 930 potissima
935 851 1150 929 argumenta
1180 863 1202 908 a
1231 842 1431 925 Regalistis
1528 867 1529 942 ζ

300 954 459 1018 adducta
476 971 541 1038 pro
560 953 784 1019 vindicanda
799 953 944 1034 justitia
960 961 1023 1016 aut
1039 951 1258 1016 necessitate
1275 949 1431 1030 hujusce
1528 943 1529 1014 ᾗ

300 1061 435 1142 legum,
454 1069 564 1144 atque
594 1079 640 1126 ex
657 1060 798 1124 damnis
827 1059 1032 1142 desumpta,
1051 1077 1158 1142 quae,
1177 1063 1344 1141 spectata
1368 1073 1432 1120 co·

302 1171 364 1250 pia
396 1175 433 1231 et
465 1168 727 1232 inalienatione
759 1167 937 1232 bonorum
966 1165 1167 1247 Ecclesiae,
1193 1163 1430 1242 commercio,
1528 1195 1529 1240 ,

300 1275 515 1355 industriae,
535 1273 762 1356 Principibus
787 1279 824 1337 et
848 1273 949 1338 civili
977 1271 1145 1336 societati
1172 1271 1327 1353 irrogari
1344 1287 1432 1352 pos·
1528 1277 1529 1340 g

300 1385 397 1461 sunt,
413 1381 508 1444 falsa
521 1381 816 1462 praesumptione
830 1380 1005 1458 nituntur,
1021 1378 1176 1460 ideoque
1192 1377 1325 1442 nullius
1338 1393 1433 1458 pon·
1528 1387 1529 1458 J

292 1487 400 1552 ‘deris
427 1494 512 1551 sunt
529 1504 574 1551 ac
600 1486 761 1552 funditus
779 1493 900 1566 ruunt,
918 1485 1024 1550 velut
1057 1485 1248 1550 evidenter
1276 1481 1434 1565 patefiet
1528 1503 1529 1528 2

301 1595 447 1675 singula
463 1611 591 1658 eorum
601 1593 808 1658 summatim
822 1591 1074 1674 expendendo.

393 1701 469 1764 102.
518 1699 675 1764 Primum
693 1701 829 1783 itaque,
850 1700 946 1764 bona
963 1697 1165 1778 Ecclesiae,
1185 1713 1278 1779 quae
1294 1695 1434 1776 imprc-
1528 1711 1529 1738 ÷

302 1806 382 1888 prie
393 1821 443 1869 ac
459 1806 633 1886 injuriose
649 1827 813 1871 manuam
827 1813 1042 1870 mortuoram
1054 1803 1336 1868 denominantur
1346 1801 1435 1881 iux·

302 1917 341 1976 ta
359 1911 520 1976 asseclas
537 1911 725 1994 regalismi
743 1917 780 1976 et
796 1911 1023 1992 liberalismi,
1041 1909 1252 1992 neutiquam
1266 1907 1435 1989 spectari
1528 1895 1529 1912 ¹

303 2021 457 2099 possunt
475 2018 577 2082 velut
594 2017 812 2082 commercio
842 2017 976 2082 nociva
1004 2015 1050 2080 ob
1067 2033 1170 2080 suam
1200 2013 1435 2078 immobilitas·
1528 2059 1529 2096 ,

303 2129 389 2203 tem,
409 2123 505 2206 quod
521 2124 623 2188 facili
641 2123 958 2205 argumentatione
976 2123 1165 2205 probatur:
1185 2121 1332 2196 etenim,
1351 2117 1382 2198 ⁸)
1399 2119 1435 2182 si
1528 2107 1529 2184 Ῐ

302 2227 348 2292 de
366 2229 524 2292 dominio
542 2229 673 2296 directo
690 2234 832 2311 agatur,
852 2229 1082 2310 exploratum
1108 2233 1165 2292 est
1188 2243 1436 2309 perseverari·
1528 2231 1529 2296 l

302 2333 390 2397 tiam
415 2334 577 2415 ejusdem
607 2335 741 2400 domini
760 2335 860 2398 nullo
879 2339 987 2416 pacto
1015 2333 1234 2398 commercio
1260 2341 1323 2395 aut
1348 2347 1436 2412 pro·

303 2439 465 2504 ductioni
494 2458 640 2521 nocere,
667 2439 729 2504 sed
759 2441 878 2523 potius
908 2441 1157 2522 maximopere
1186 2439 1354 2503 conferre
1384 2437 1437 2500 ad
1528 2465 1529 2508 r

304 2545 456 2628 praedia
474 2547 588 2628 magis
605 2547 783 2628 frugifera
801 2552 838 2610 et
868 2546 1014 2610 utiliora
1033 2544 1232 2627 reddenda,
1250 2544 1437 2626 simulque
1528 2557 1529 2616 t

304 2653 566 2732 agriculturam
583 2653 782 2717 efficaciori
800 2671 888 2716 cura
900 2659 937 2717 et
954 2653 1135 2716 continuis
1153 2653 1275 2734 operis
1303 2652 1437 2716 ioven·

303 2756 400 2838 dam;
417 2754 443 2836 b)
462 2758 606 2840 quodsi
624 2759 668 2822 de
686 2759 844 2823 dominio
862 2760 1032 2826 indirecto
1055 2777 1176 2824 sermo
1203 2759 1326 2838 fuerit,
1344 2773 1438 2822 cun·
1528 2741 1529 2756 ¹

303 2863 373 2926 ctis
402 2864 632 2943 apertissime
658 2870 761 2945 patet
789 2865 1013 2929 usufructum
1037 2866 1215 2930 bonorum
1242 2863 1440 2928 Ecclesiae
1528 2945 1529 2954 ἵ

304 2973 341 3030 et
369 2967 563 3032 uniuersae
587 2969 755 3033 societati
773 2969 955 3034 humanae
980 2971 1155 3053 prodesse
1183 2975 1220 3034 et
1248 2971 1441 3036 constanti
1528 2975 1529 3058 ξ

304 3073 496 3138 mutationi
521 3091 601 3138 esse
626 3075 834 3156 obnoxium;
854 3095 937 3141 nam
955 3095 1036 3142 cum
1051 3077 1088 3142 in
1106 3077 1274 3142 Ecclesia
1290 3093 1360 3142 nec
1377 3093 1440 3140 sa·

303 3180 505 3244 cerdotium
522 3197 590 3244 nec
614 3181 802 3247 clericalia
831 3201 982 3246 munera
998 3185 1071 3248 siut
1098 3183 1362 3264 haereditaria,
1381 3183 1442 3246 fa·

305 3287 426 3350 miliae
453 3287 713 3351 usufruentium
743 3289 913 3353 continuo
930 3297 1128 3370 mutantur,
1148 3291 1318 3373 quamvis
1335 3289 1441 3354 bona
1528 3317 1529 3372 l

304 3393 449 3455 nomine
463 3391 650 3456 Ecclesiae
662 3411 806 3475 semper
820 3395 1131 3477 inscribantur,·et
1143 3395 1292 3460 aliunde
1306 3411 1442 3460 ornnes
1528 3419 1529 3460 l

305 3495 440 3560 eisdem
472 3499 543 3561 frui
576 3507 737 3582 possunt,
767 3499 854 3563 licet
881 3499 1091 3565 humiliores
1126 3505 1163 3566 et
1191 3501 1440 3585 pauperrimi,

304 3599 496 3664 dummodo
511 3603 557 3666 ad
569 3605 839 3669 ecclesiasticos
852 3606 987 3686 gradus
1002 3613 1304 3689 promoveantur;
1322 3608 1349 3690 ο)
1360 3608 1443 3671 ina·

305 3704 454 3769 lienatio
484 3723 549 3770 seu
575 3709 807 3773 immobilitas
824 3709 1018 3776 fundorum
1038 3719 1075 3777 et
1092 3731 1214 3778 rerum
1232 3713 1442 3796 stabilium,
1528 3731 1529 3788 3

304 3827 413 3891 quam
438 3810 529 3875 adeo
555 3823 784 3896 ,exaggerant
810 3817 1007 3899 statolatri,
1025 3827 1064 3882 ut
1094 3819 1282 3884 Ecclesiae
1299 3825 1337 3883 et
1355 3821 1444 3902 pias
1528 3833 1529 3912 ζ

306 3915 572 3982 adsociationes
605 3940 727 3984 maaca
757 3929 910 3988 mortuas
942 3923 1145 4008 appellent,
1180 3943 1249 3990 sua
1281 3925 1445 4008 praedia
1528 3971 1529 4000 2

305 4027 343 4084 et
367 4023 614 4102 possessiones
630 4025 917 4106 improductivas
942 4033 978 4092 et
1006 4029 1176 4096 detentas
1208 4041 1442 4114 nuncupent,

306 4131 416 4208 atque
432 4127 608 4208 ejusmodi
635 4129 730 4193 futili
747 4138 941 4212 praetextu
961 4152 1024 4198 ore
1042 4135 1152 4218 pleno
1171 4140 1444 4204 necessitatem
1528 4167 1529 4210 5

306 4231 536 4297 conclament
551 4235 692 4300 ferendi
719 4235 820 4318 leges
849 4241 1152 4325 amortizaticnis,
1173 4262 1247 4310 non
1275 4252 1333 4310 est
1363 4250 1445 4312 tam
1528 4231 1529 4292 ἶ
