3062 4994
508 435 688 493 -115-

64 592 235 657 exsurgere
253 593 481 642 communem
497 581 534 642 et
550 577 677 642 tritam
696 577 964 643 distinctionem
995 579 1160 644 adsocia·

65 681 173 744 tionum
194 683 449 764 religiosarum
465 685 503 747 in
523 685 671 749 Ordines
688 685 837 766 proprie
852 685 966 749 dictos
980 703 1045 767 pro
1064 687 1160 751 votis

64 805 125 851 oum
152 789 383 854 solemnitate
408 791 616 854 emittendis
654 791 700 854 ab
731 789 899 856 Ecclesia
922 791 1158 874 approbatos,

63 899 150 975 atque
169 894 453 980 Conprepatioues
471 897 517 960 ab
532 896 614 979 ipsa
631 914 774 979 quoque
793 897 1000 979 recognitas
1019 905 1055 961 et
1078 916 1160 962 san-

65 1000 146 1080 citas,
162 1001 344 1083 inquibus
362 1008 484 1066 tamen
503 1008 591 1067 vota
607 1003 697 1067 fiunt
714 1005 851 1085 absque
876 1004 1105 1068 solemnitate
1123 1005 1161 1068 in

65 1124 148 1170 sensu
164 1109 342 1172 canonico
356 1109 462 1190 huJus
479 1109 582 1174 vocis
598 1127 710 1192 supra
734 1110 913 1192 exposito.

132 1215 183 1278 65.
235 1215 299 1279 His
334 1217 633 1300 praesuppositis,
667 1217 861 1282 videndum
894 1209 1061 1299 superest
1089 1237 1160 1301 quo

63 1319 126 1396 jure
137 1319 302 1386 Ecclesia
320 1323 458 1403 polleat
472 1341 538 1404 pro
557 1323 759 1388 ordinanda
771 1323 918 1406 publica
934 1325 1161 1405 professione

66 1427 275 1492 consiliorum
303 1429 613 1511 evangelicorum,
633 1447 775 1494 necnon
808 1447 873 1512 pro
907 1431 1092 1494 ordinibus
1126 1439 1163 1493 et

65 1536 384 1616 congregationibus
397 1537 639 1616 instituendis,
656 1541 765 1618 atque
780 1538 988 1600 vice-versa
1004 1554 1162 1618 quonam

66 1637 161 1702 officio
175 1641 424 1723 obstringatur
440 1641 562 1707 Status
579 1643 781 1708 catholicus
800 1661 888 1724 erga
905 1648 993 1708 vota
1011 1649 1048 1707 et
1079 1644 1161 1708 reli·
1237 1729 1241 1736 ,

65 1743 164 1823 glosas
177 1747 458 1830 adsociationes;
478 1750 539 1813 hin
553 1750 688 1832 duplex
706 1751 870 1832 quaestio
890 1751 926 1814 in
944 1750 963 1814 J
969 1767 1031 1814 ure
1044 1750 1162 1815 Publi·

65 1866 96 1912 co
110 1853 279 1918 solvenda
293 1856 520 1936 proponitur:
540 1856 733 1938 inquiritur
753 1857 816 1937 1.⁰‚
844 1863 963 1920 utrum
996 1856 1163 1921 Ecclesia

67 1961 193 2039 propria
211 1966 247 2024 et
261 1962 452 2026 exclusiva
469 1963 648 2026 facultate
681 1962 840 2044 gaudeat
872 1967 960 2026 vota
991 1964 1164 2044 religiosa

69 2065 203 2148 publice,
219 2066 287 2131 hoc
303 2073 370 2148 est,
390 2069 428 2131 in
441 2069 520 2132 foro
538 2073 690 2132 externo
709 2076 746 2132 et
777 2086 843 2150 per
873 2069 973 2149 leges
998 2070 1164 2150 publicas

66 2173 276 2254 agnoscendi,
295 2175 421 2256 eisque
446 2175 609 2238 valorem
634 2175 807 2238 socialem
831 2191 895 2238 seu
925 2175 1079 2238 effectus
1108 2190 1164 2237 ec-

66 2276 266 2343 clesiasticos
296 2280 539 2362 impertiendi,
578 2299 622 2344 ac
657 2287 923 2362 consequenter
948 2281 1092 2344 ordines
1129 2285 1166 2343 et

67 2387 346 2468 congregationes
360 2387 552 2470 religiosas
568 2387 793 2465 instituendi,
810 2387 1038 2468 approbandi
1054 2393 1163 2468 atque

67 2491 266 2558 moderandi:
287 2495 474 2576 quaeritur
488 2493 553 2576 2.⁰,
574 2513 620 2559 an
637 2495 794 2558 societas
814 2493 996 2556 catholica
1019 2511 1110 2558 vera
1129 2499 1165 2558 et

66 2597 172 2662 stricta
189 2601 412 2681 obligatione
436 2607 605 2665 teneatur
632 2600 855 2682 legislationi
887 2601 1165 2665 ecclesiasticae

67 2711 136 2766 vota
152 2707 184 2770 in
200 2707 378 2790 religione
403 2709 534 2772 emissa
562 2700 766 2790 regulandi,
787 2709 939 2790 eJusque
969 2709 1165 2773 socialibus

66 2811 237 2880 effectibus
254 2816 329 2880 vim
347 2816 492 2881 civilem
510 2816 704 2898 tribuendi,
725 2817 879 2899 ideoque
896 2817 1092 2881 societates
1111 2835 1165 2880 re-

68 2914 206 3000 ligiosas,
226 2939 424 3004 earumque
439 2923 667 3004 respectivos
686 2926 789 2986 actus
802 2922 840 2986 in
869 2923 949 2986 foro
983 2923 1166 2987 saeculari

67 3029 341 3108 recognoscendi,

139 3134 203 3200 Pro
220 3137 289 3201 hac
307 3137 440 3219 duplici
460 3137 672 3220 quaestione
689 3135 867 3200 solvenda
883 3140 1039 3218 quatuor
1070 3137 1165 3217 priu-

68 3237 148 3319 cipia
159 3242 513 3322 juridico-catholica
530 3242 758 3306 adstruemus
772 3259 817 3306 ac
840 3243 1164 3324 propugnabimus,

67 3345 177 3423 quibus
189 3349 319 3413 iterum
335 3348 582 3414 vindicabitur
596 3349 842 3430 competentia
855 3349 1043 3412 Ecclesiae
1057 3349 1093 3410 in
1106 3365 1166 3410 ne·

66 3451 158 3528 gotlis
173 3455 363 3536 religiosis,
383 3455 562 3537 simulque
586 3455 735 3536 patefiet
749 3455 868 3518 civilis
893 3454 1085 3535 potestatis
1110 3471 1166 3518 su-

69 3552 251 3624 bordinatio
270 3561 390 3644 quoad
406 3579 464 3626 res
483 3561 652 3625 adfinem
682 3561 909 3642 spiritualem
941 3564 1165 3642 spectantes:

67 3659 127 3726 duo
141 3668 257 3746 priora
274 3667 462 3733 Ecclesiae
479 3667 667 3732 exclusive
699 3667 961 3749 adjudicabunt
973 3668 1034 3748 jus
1067 3669 1168 3748 leges

67 3770 227 3837 condendi
240 3775 277 3838 in
294 3775 449 3840 materia
464 3781 646 3856 votorum,
665 3793 803 3857 suaque
822 3793 994 3857 suprema
1013 3774 1167 3838 auctori·

70 3875 135 3937 tate
150 3877 309 3944 instituta
325 3881 497 3962 religiosa
514 3881 743 3963 approbandi
756 3887 868 3964 atque
881 3879 1082 3960 sanciendi3
1098 3878 1167 3942 duo

70 3987 233 4057 postrema
249 3985 370 4051 officia
387 3986 545 4068 tradent,
566 3987 694 4069 quibus
711 3985 834 4051 Status
852 3985 1024 4050 catholici
1043 3983 1168 4048 devin-

68 4085 194 4155 ciuntur
207 4093 325 4176 quoad
338 4094 485 4160 civilem
498 4093 771 4158 observantiam
784 4111 973 4159 sacrorum
989 4109 1170 4156 canonum

71 4189 128 4258 hac
143 4195 182 4262 de
197 4217 236 4264 re
252 4201 567 4284 pertractantium,
583 4204 621 4264 et
652 4201 837 4282 publicam
868 4197 1044 4266 Ordinum
1079 4197 1170 4264 Ocn-

69 4303 375 4390 gregationumque
390 4306 690 4388 recognitionem.
