3062 4994
553 397 731 456 -149-

102 538 400 606 determinationem
413 539 473 604 vel
491 539 736 625 delegationem
753 539 1066 606 denominavimus
1092 542 1204 606 colla·

104 645 219 710 tionem
241 645 504 728 jurisdictionis
521 645 568 710 ad
596 645 859 712 secernendum
888 646 1041 728 gradum
1059 647 1205 730 Episco-

103 749 204 831 pelem
227 752 374 817 divinae
401 751 636 818 institutionis
666 771 688 816 a
716 751 872 818 caeteris
904 751 1090 834 gradibus,
1111 771 1205 836 quae

100 855 317 922 institutionis
349 874 449 922 mere
481 858 756 924 ecclesiasticas
786 862 881 940 suut;
911 859 1022 924 micio
1050 863 1205 924 vocatur

98 967 267 1046 annatim
284 963 489 1045 designatio
504 965 679 1030 territorii
695 965 892 1046 conjuncta
909 980 991 1030 cum
1007 963 1204 1046 delegatio·

101 1085 137 1133 ns
156 1069 428 1152 jurisdictionis,
453 1073 634 1156 speciatim
657 1089 761 1152 vero,
787 1070 824 1134 id
851 1077 918 1153 est,
944 1071 982 1136 in
1013 1070 1205 1154 Religionis

98 1176 326 1258 considerata,
352 1178 578 1259 organizatio
604 1178 718 1242 mixta
746 1177 954 1243 nominatur
979 1179 1115 1243 erectio
1145 1179 1204 1242 do·

101 1299 220 1350 uorum
248 1285 546 1350 conventualium
564 1285 828 1367 improvinciae
860 1284 1052 1348 distinctas
1069 1303 1091 1347 a
1108 1284 1204 1348 dioc-

97 1404 212 1456 ceseon
241 1390 434 1472 divisione,
460 1408 533 1454 una
565 1407 647 1454 cum
675 1390 928 1471 jnrlsdictlcne
957 1389 1204 1471 superioribus

98 1497 314 1575 generalibus
344 1494 519 1563 Ordlnum
544 1496 781 1579 Regularium
798 1515 821 1560 a
844 1496 1006 1561 Romano
1030 1495 1205 1560 Pontificc

97 1603 361 1668 communicata.

171 1709 414 1774 Prasmonere
442 1713 586 1792 oportet
603 1711 916 1791 organizationem
946 1709 1204 1774 territorialem

97 1829 203 1880 secum
235 1817 335 1881 ferre
367 1817 576 1880 necessario
610 1817 924 1898 organizationem
960 1816 1202 1898 personalem,

98 1921 170 2001 quia
182 1923 334 2005 singulis
362 1921 600 1988 divisionibus
614 1923 899 1987 territorialibus
914 1941 1086 2005 praeesse
1097 1922 1205 1986 debet

100 2027 214 2112 aliquis
230 2035 360 2112 pastor
375 2047 440 2096 seu
452 2029 641 2095 Ecclesiae
665 2031 828 2094 minister
846 2047 926 2094 cum
944 2030 1089 2094 diverso
1106 2032 1205 2111 pote·

97 2137 187 2200 statis
203 2137 333 2219 gradu.

172 2244 545 2308 Animadvertendum
573 2245 682 2310 etiam
707 2243 869 2307 ducimus
894 2241 1204 2324 organisationem

99 2352 326 2432 personalem,
345 2351 375 2414 si
402 2352 593 2433 primaeve
621 2353 699 2432 eJus
724 2353 825 2432 origo
854 2355 1052 2432 spectetur,
1071 2349 1108 2412 in
1136 2347 1205 2411 hoc

98 2451 136 2518 ab
159 2457 431 2538 organisatione
462 2457 676 2521 territoriali
704 2457 867 2537 differre,
888 2455 983 2538 quod
1005 2457 1205 2540 personatis

98 2563 252 2639 generice
269 2563 436 2645 inspecta
452 2581 475 2627 a
491 2563 569 2628 Dec
586 2565 794 2628 immediate
812 2569 930 2628 ortum
944 2561 1090 2642 habeat,
1108 2562 1204 2626 idco·

97 2684 155 2748 que
167 2669 259 2750 juris
287 2669 566 2752 divini-positivi
584 2671 642 2750 sit:
673 2671 806 2734 etenim
834 2671 914 2751 lpse
942 2667 1106 2733 Christus
1123 2667 1202 2751 Epi-

97 2789 212 2856 scopus
246 2777 444 2858 constituit,
465 2782 503 2841 ut
530 2777 729 2841 secundum
757 2775 1021 2857 jurisdictionis
1053 2775 1205 2857 gradum

98 2888 417 2964 repraesentarent,
440 2883 526 2948 licet
555 2884 622 2947 sub
651 2883 870 2946 auctoritate
898 2888 935 2946 et
962 2882 1206 2963 dependentia

96 2983 215 3053 Summi
240 2989 438 3071 Pontificis,
458 2989 624 3072 Supremi
640 2989 815 3070 Pastorls;
836 2991 1061 3055 territos-tatia
1084 2997 1206 3052 autem

97 3097 309 3175 organizatio
338 3091 495 3178 positive
520 3101 556 3160 et
583 3097 620 3160 in
648 3100 820 3160 concreto
850 3096 942 3177 juris
970 3095 1117 3158 humani
1144 3094 1203 3172 sit,

99 3205 207 3280 utpote
223 3204 271 3268 ab
288 3201 454 3267 Ecclesia
471 3207 589 3267 tractu
604 3203 778 3284 temporis
793 3203 971 3284 perfecta,
987 3215 1204 3281 quamquam
1237 3231 1239 3236 ·

97 3310 252 3386 generice
276 3316 314 3373 et
329 3310 365 3373 in
383 3311 568 3374 abstracto
583 3309 675 3391 juris
693 3307 1022 3374 divinis-naturalis
1039 3306 1109 3368 dici
1125 3323 1204 3386 pos-

98 3421 153 3495 sel,
170 3422 349 3498 quatenus
376 3416 422 3479 ab
449 3416 530 3497 ipsa
554 3433 676 3480 rerum
703 3419 837 3480 natura
863 3413 1077 3496 postuletur,
1096 3413 1205 3494 siqui-

97 3519 177 3604 dem,
192 3528 336 3588 attenta
351 3522 531 3588 humanae
545 3529 699 3587 naturae
712 3522 846 3604 indole,
867 3520 1089 3603 impossibile
1104 3537 1203 3601 pror·

97 3644 148 3692 sus
163 3637 216 3693 est
232 3646 402 3711 magnam
416 3629 627 3694 societatem
642 3630 817 3694 immenso
834 3628 1019 3694 territorio
1035 3627 1206 3690 diffusam

82 3739 184 3804 ¹recte
195 3736 393 3818 gubernari
406 3753 525 3818 posse,
540 3737 609 3800 uisi
622 3736 686 3799 flat
699 3753 862 3817 congrua
880 3739 916 3798 et
931 3734 1099 3799 ordinata
1113 3734 1205 3813 ejus·

98 3839 167 3905 dem
183 3843 358 3907 territorii
375 3842 520 3908 divisio.

174 3947 229 4012 st.
278 3947 405 4030 Quoad
429 3949 741 4031 organisationem
766 3949 1023 4028 territur-ialam,
1041 3945 1207 4010 Ecclesia

95 4051 168 4130 jure
182 4055 289 4137 pleno
303 4061 339 4120 et
355 4055 521 4120 absoluto
539 4057 666 4139 pollet:
684 4057 714 4136 ⁸)
733 4057 848 4120 libere
862 4073 906 4118 ac
919 4052 1207 4135 independenter

99 4155 296 4226 instituendi
323 4163 527 4245 paroeciae,
548 4163 733 4227 dioeceses
762 4170 798 4225 et
826 4161 1050 4244 provincias3
1067 4156 1093 4238 ²¹)
1117 4161 1207 4223 lines

99 4267 293 4334 earumdem
310 4270 423 4335 semel
436 4269 650 4334 constitutos
668 4269 818 4352 proprie
836 4268 1054 4334 auctoritate
1068 4271 1208 4331 mutan·
