3096 4986
817 358 977 418 ..32-

337 501 656 586 inseparabilitate
673 501 921 568 instructionis
937 519 959 566 a
975 501 1105 566 morali
1122 499 1351 583 educatione,
1368 519 1475 584 quas

336 612 469 678 leviter
498 612 684 676 insinuare
708 613 798 676 satis
815 611 896 676 erit:
915 611 946 690 ⁸)
964 610 1044 674 dois
1069 609 1271 692 completus
1299 615 1336 672 et
1351 608 1475 672 adae-

337 723 467 802 quotus
497 717 645 783 scholae
673 717 871 800 primarlae
895 719 1040 782 nonest
1069 721 1210 782 tantum
1238 719 1397 780 mentem
1431 717 1476 780 in

336 825 505 892 civilibus
534 825 728 907 instruere,
751 823 816 890 sed
844 823 954 888 etiam
983 839 1178 906 personam
1208 821 1378 904 educare,
1397 840 1476 890 seu

336 933 564 998 voluntatem
591 931 739 996 inbono
767 930 971 1012 Instituere3
987 927 1014 1012 ¹³)
1031 929 1223 996 instructio
1242 929 1380 994 tradita
1410 948 1475 995 se·

335 1037 486 1122 junctim
499 1038 546 1102 ab
563 1035 792 1118 educatione,
808 1037 860 1101 uti
877 1036 1089 1120 quotidiana
1103 1036 1332 1118 experientia
1349 1039 1474 1101 testa-

336 1153 407 1226 tur,
426 1162 555 1228 parum
579 1150 643 1210 aut
659 1143 749 1208 nibil
772 1143 810 1207 in
828 1159 1023 1226 puerorum
1040 1146 1179 1208 rectam
1198 1141 1476 1210 institutionem

337 1252 491 1332 confert,
511 1253 628 1334 ipsam
654 1249 908 1316 educationem
925 1249 1185 1332 impossibilem
1203 1255 1266 1314 aut
1283 1247 1474 1316 difficilio-

336 1375 414 1423 rem
440 1357 608 1436 reddens;
628 1359 652 1436 ο)
670 1355 837 1420 educatio
855 1361 911 1421 est
929 1357 1051 1438 utique
1079 1355 1324 1437 praestantior
1352 1373 1475 1438 quam

337 1465 543 1544 instructi03
559 1463 624 1528 illa
636 1463 731 1530 enim
745 1463 925 1526 hominem
943 1462 1180 1528 considerans
1194 1469 1232 1526 ut
1244 1463 1476 1528 moralitatis

337 1587 511 1654 capacem
535 1573 592 1634 est
620 1568 786 1634 absolute
816 1570 1037 1649 necessaria,
1056 1567 1149 1634 haec
1173 1575 1340 1652 spectata
1356 1587 1476 1652 sepa·

336 1677 445 1743 ratim
458 1695 481 1740 a
499 1675 627 1740 morali
643 1675 881 1742 instructione
895 1681 950 1742 est
964 1693 1029 1758 per
1042 1693 1083 1740 se
1095 1675 1324 1756 indifferens3
1339 1673 1368 1754 i)
1382 1677 1478 1759 ipsa

339 1783 457 1848 uoltas
485 1782 665 1848 humanae
683 1799 876 1866 personae,
894 1799 940 1848 ex
964 1801 1037 1866 qua
1065 1781 1267 1865 repetenda
1296 1787 1352 1846 est
1368 1784 1476 1848 ratio

337 1891 537 1955 intrinseca
564 1889 757 1972 praefatae
783 1889 1121 1973 inseparabilitatis,
1141 1889 1392 1954 harmonicam
1414 1891 1477 1955 ia·

338 1997 513 2062 cultatum
531 1995 777 2062 evolutlonem
793 1995 1001 2060 necessario
1020 1996 1194 2078 postulat,
1213 2002 1249 2060 et
1268 2013 1349 2060 oum
1376 2013 1477 2078 pars

337 2103 486 2168 moralis
513 2102 560 2166 sit
577 2102 615 2166 in
631 2101 776 2166 homine
792 2119 878 2184 pars
896 2102 1102 2166 essentialis
1121 2107 1157 2167 et
1173 2103 1371 2184 praecipue
1403 2121 1478 2169 ex-

338 2209 504 2290 colenda,
522 2208 606 2272 hinc
631 2207 669 2272 in
686 2207 805 2290 prIma
830 2207 1072 2290 institutione,
1092 2225 1186 2290 quae
1213 2208 1379 2273 omnibus
1407 2229 1479 2275 ne-

338 2317 500 2382 cessaria
528 2319 595 2396 est,
615 2333 687 2380 non
715 2319 858 2380 tantum
889 2317 1019 2380 mentis
1047 2315 1247 2380 evolutioni
1274 2316 1311 2380 in
1334 2315 1480 2383 ordine

338 2423 439 2488 civili
457 2439 580 2487 curam
598 2421 810 2504 impendere
836 2425 993 2505 oportet,
1011 2421 1076 2486 sed
1094 2421 1318 2504 potissimum
1334 2422 1480 2490 volun-

338 2530 423 2594 tatis
441 2529 633 2594 directioni
650 2531 687 2594 et
703 2527 881 2594 inordina
899 2529 1028 2594 morali
1045 2527 1256 2594 formationi
1273 2528 1481 2595 intenden-

338 2635 421 2700 dum
439 2641 506 2716 est;
525 2637 550 2714 ⁶)
569 2633 621 2700 ita
638 2635 781 2702 demum
806 2635 1034 2717 apertissime
1051 2635 1159 2700 docet
1190 2633 1355 2700 Summus
1374 2633 1481 2702 Pon-

338 2741 429 2804 tifex
456 2739 530 2804 Leo
547 2739 650 2822 XIII,
670 2741 731 2824 qui
759 2741 797 2805 in
812 2741 1008 2822 praeclara
1037 2739 1202 2822 Epistola
1219 2739 1265 2804 ad
1283 2739 1479 2808 Emmum.

338 2847 437 2912 urbis
452 2845 637 2912 vicarium
656 2846 714 2912 die
731 2847 773 2912 26
786 2845 808 2912 J
812 2847 885 2912 unii
904 2847 1089 2914 enni1878
1105 2845 1278 2930 expedita
1292 2850 1481 2928 apposite

338 2953 474 3018 adrem
487 2953 664 3018 declarat:
682 2952 775 3018 “non
790 2954 951 3036 possein
966 2954 1088 3036 pueris
1102 2953 1273 3019 renovari
1284 2953 1482 3032 indicium

337 3057 553 3140 Salomonis,
572 3065 610 3124 ut
637 3060 879 3142 intelligentia
907 3061 1106 3142 separatim
1137 3079 1160 3124 a
1178 3060 1368 3126 voluntate
1407 3079 1481 3128 ex-

338 3167 501 3250 colatur„
521 3165 581 3250 (1).

431 3271 629 3336 Praeterea
646 3271 795 3336 moralis
814 3271 982 3337 educatio
999 3271 1044 3336 ab
1063 3271 1300 3337 instructione
1317 3271 1482 3355 religio·
1545 3291 1546 3331 l

338 3397 379 3442 sa
393 3377 518 3442 divelli
536 3377 673 3460 nequit,
694 3378 864 3460 quoniam
884 3377 972 3444 ordo
992 3377 1139 3442 moralis
1155 3393 1223 3442 neo
1239 3377 1368 3442 haberi
1398 3397 1484 3448 nec

338 3483 481 3564 concipi
494 3490 615 3565 potest
629 3485 768 3566 absque
785 3483 975 3566 religione3
990 3485 1124 3549 etenim
1137 3483 1310 3565 obligatio
1328 3483 1367 3548 in
1381 3501 1483 3554 con-

409 3763 447 3830 (ll
481 3763 524 3814 En
538 3763 682 3819 luculenta
700 3767 734 3820 R.
747 3765 895 3820 Pontificis
907 3765 1001 3820 verba:
1019 3765 1143 3830 ‹Questo
1162 3765 1240 3833 esige
1259 3765 1356 3818 altresi
1377 3767 1411 3820 la
1426 3787 1484 3826 na·
1544 3713 1545 3763 1

338 3841 402 3887 tura
420 3834 467 3887 del
485 3833 646 3891 ianclnllo...
667 3853 724 3892 non
738 3841 763 3892 si
777 3853 835 3906 puo
847 3853 864 3890 a
876 3853 985 3892 nasson
1004 3843 1083 3906 patro
1096 3840 1246 3892 rinoorare
1268 3851 1353 3904 sopra
1372 3837 1395 3890 il
1412 3841 1486 3896 fan·

338 3907 423 3958 ciullo
437 3906 456 3957 il
469 3907 591 3970 giudizio
603 3907 633 3962 di
655 3907 809 3962 Salomone
821 3923 838 3962 e
850 3909 1018 3964 dImeaaarlo
1040 3925 1094 3963 con
1107 3925 1145 3962 un
1158 3908 1245 3976 taglio
1258 3907 1486 3974 irragionevole

339 3993 354 4029 e
368 3976 482 4030 crudele
503 3981 547 4029 tra
559 3979 586 4031 la
600 3995 653 4032 aua
665 3980 844 4048 intelligenza
863 3982 919 4034 ela
932 3985 1055 4044 relenta,
1069 3987 1180 4034 mentre
1194 3979 1217 4032 si
1236 3979 1343 4048 prende
1356 3995 1374 4032 a
1387 3985 1485 4039 colti-
1543 3993 1544 4058 l

339 4063 406 4103 vare
427 4049 454 4100 la
472 4047 564 4115 prima
582 4051 612 4104 Ia
630 4052 656 4104 d'
669 4067 744 4118 uopo
762 4051 880 4106 avviare
896 4053 923 4104 la
942 4052 1067 4105 soconda
1085 4053 1113 4105 al
1130 4051 1367 4118 conseguimento
1386 4053 1484 4124 degli
1543 4059 1544 4064 ’

338 4118 410 4172 ablti
419 4118 539 4174 virtuosi
551 4137 567 4174 e
579 4123 644 4176 dell'
658 4125 758 4177 ultimo
771 4123 836 4178 line.
850 4123 903 4176 chi
916 4123 979 4176 nell'
994 4123 1166 4176 educaaione
1185 4127 1311 4176 trascura
1324 4123 1353 4174 la
1367 4127 1486 4184 volon-

339 4195 369 4244 ta
382 4193 592 4248 concentrando
610 4196 677 4248 tutti
689 4195 728 4263 gli
741 4195 828 4248 sloral
847 4196 903 4248 alla
915 4196 1022 4248 cultura
1040 4196 1116 4248 della
1130 4199 1234 4261 mente,
1249 4196 1353 4261 giunge
1372 4209 1391 4247 a
1408 4197 1486 4255 fare

340 4261 405 4315 dell’
418 4261 573 4319 istruzione
586 4267 633 4319 un·
646 4279 726 4320 arma
737 4267 896 4334 paricoloaa
908 4265 939 4320 in
951 4281 1037 4320 mano
1049 4266 1095 4320 del
1106 4265 1272 4332 malvagi...»
