3062 4994
543 377 785 436 -145-·

90 517 285 601 sciplinam,·
304 519 375 602 ipsi
407 519 517 586 etiam
545 518 791 604 Imperatores
819 519 1009 586 christiani
1038 523 1196 606 ingenue

90 625 254 690 multoties
272 627 428 709 professi
446 627 635 692 suntnihil
654 627 724 692 sibi
737 628 830 709 juris
845 628 883 692 in
899 627 1101 694 istiusmodi
1115 649 1195 696 san·

90 729 207 796 ciendis
224 731 367 814 legibus
380 733 553 798 tributum
571 751 663 798 esse.
682 732 742 799 Sic
755 732 1013 799 Constantinus
1027 735 1193 818 Magnus,

89 836 364 920 Valentinianus,
392 839 612 921 Marcianus,
642 839 878 923 Theodosius,
905 841 1065 924 alliique.
1101 840 1195 922 Quin

89 945 151 1026 ipse
167 948 277 1012 etiam
295 949 455 1014 omnium
471 949 712 1029 peritissimus
727 951 847 1031 legum
865 949 1069 1032 Imperator
1086 949 1108 1014 J
1113 951 1195 1014 usti·

89 1051 198 1117 nianus
227 1055 266 1118 in
294 1072 340 1118 ea
363 1053 432 1118 fuit
456 1055 651 1138 sententia,
677 1055 778 1138 leges
807 1073 938 1138 nempe
966 1057 1094 1121 civiles
1123 1074 1195 1121 non

89 1159 295 1238 praecedere
313 1161 457 1243 debere,
474 1159 540 1226 sed
569 1161 673 1245 sequi
690 1161 972 1244 ecclesiasticas,
992 1163 1101 1245 idque
1118 1164 1196 1227 sine

90 1261 351 1349 dedignatione„
368 1265 429 1348 (l).

160 1371 349 1438 Rationum
365 1379 547 1438 momenta.
596 1371 785 1437 Postremo
803 1374 929 1438 eadem
947 1383 1088 1458 natura,
1119 1380 1195 1442 aab·

82 1478 193 1560 jectum
210 1495 256 1542 ac
270 1479 352 1564 finio
368 1479 554 1543 societatis
583 1479 778 1561 religiosae
809 1497 830 1543 a
859 1477 1001 1545 Christo
1028 1483 1196 1547 conditae

88 1585 299 1650 exclusivum
323 1583 512 1650 Ecclesiae
540 1587 826 1668 competentiam
855 1587 901 1652 ad
931 1593 1118 1653 externam
1146 1590 1195 1654 di·

89 1691 263 1773 sciplinam
280 1693 608 1768 constabiliendum
622 1701 734 1778 atque
746 1695 1006 1762 moderandam
1020 1698 1196 1763 inelucta-

88 1795 192 1862 biliter
210 1799 398 1864 evincunt.

161 1903 204 1969 Et
219 1923 262 1970 re
279 1905 425 1989 quidem
456 1924 560 1988 vera,
594 1903 761 1973 Ecclesia
779 1908 816 1972 in
833 1907 959 1990 primis
976 1916 1104 1980 catara
1132 1933 1196 1978 aaa

26 2087 28 2102 y
90 2014 134 2072 cat
144 2013 298 2077 societas
315 2013 493 2095 perfecta,
512 2015 717 2096 inaequalis
737 2019 773 2078 et
797 2014 1060 2098 independens;
1080 2017 1197 2081 sedin

90 2110 376 2184 omni'sooiecace
396 2121 552 2200 juridice
570 2122 750 2203 perfecta,
784 2123 835 2186 nti
867 2139 1130 2204 saepenumero
1161 2141 1195 2187 o·

89 2225 283 2308 sendimus,
297 2233 444 2292 exstare
458 2226 567 2292 debet
579 2229 781 2292 auctoritas
795 2229 941 2293 socialis
950 2230 1033 2310 jnre
1046 2231 1195 2312 proprio

90 2331 251 2399 instructa
263 2335 365 2418 leges
391 2335 570 2400 condendi
588 2336 634 2400 ad
658 2341 798 2402 rectam
816 2337 1116 2418 gubernationem
1141 2355 1196 2402 or·

90 2439 230 2522 dinatas3
249 2443 361 2536 igitur
390 2441 578 2508 Ecclesiae
594 2445 689 2508 inest
708 2449 851 2508 verset
878 2445 1007 2508 nativa
1034 2449 1196 2526 potestas

90 2561 125 2609 ea
140 2548 257 2612 omnia
273 2549 470 2630 statuendi,
490 2567 584 2632 quae
603 2551 650 2616 ad
668 2551 746 2632 eJus
763 2549 928 2632 politiam
945 2567 989 2615 ac
1013 2551 1197 2633 publicum

90 2655 237 2735 regimen
253 2659 432 2738 spectant.

163 2761 373 2844 Praeterea,
391 2761 558 2828 Ecclesia
575 2763 718 2828 ratione
735 2765 879 2850 subjecti
897 2767 951 2828 est
964 2765 1120 2830 societas
1138 2783 1197 2829 ex·

32 2905 37 2914 ·
91 2871 182 2933 lerna
197 2875 234 2934 et
259 2869 428 2952 visibilis3
460 2871 626 2952 quamvis
643 2871 750 2952 enim,
772 2872 850 2952 ejus
868 2873 1000 2957 oripine
1017 2871 1195 2955 inspecta,

91 2971 273 3058 discnssit,
292 2983 455 3041 attamen
472 2977 592 3059 quoad
607 2977 770 3058 membro,
787 2977 917 3059 quibus
931 2979 1116 3060 coalescit,
1135 2978 1197 3042 hu·

91 3096 185 3145 mana
202 3101 345 3165 quoque
362 3069 565 3165 nuncupari
583 3083 695 3164 valet3
708 3067 785 3164 jam
802 3100 904 3165 vero,
927 3085 1112 3165 quaelibet
1137 3085 1197 3146 ad-

91 3188 227 3252 sociatio
242 3196 408 3270 externa,
427 3189 582 3253 visibilis
596 3195 632 3252 et
647 3189 805 3253 humana
821 3189 1029 3253 necessario
1053 3189 1198 3253 adhibe-

91 3308 124 3355 re
139 3301 278 3360 tenetur
304 3278 425 3360 media
441 3301 594 3360 externa
611 3301 648 3358 et
665 3295 853 3360 sensibilia
886 3294 932 3358 ad
964 3294 1071 3358 finem
1104 3311 1197 3358 com-

93 3415 220 3465 munem
237 3401 518 3485 assequendum3
538 3407 577 3465 at
609 3419 693 3466 usus
711 3399 748 3466 et
764 3403 962 3485 applicatio
994 3401 1199 3482 hujusmodi

93 3507 276 3573 mediorum
290 3509 336 3572 ad
353 3527 561 3592 supremam
573 3513 791 3590 potestatem
818 3509 1008 3590 legiferam
1032 3507 1069 3571 in
1086 3509 1198 3572 socie-

93 3615 159 3678 tate
175 3617 406 3680 constitutam
428 3617 598 3699 pertinet;
617 3633 704 3697 ergo
722 3615 900 3680 institutio
930 3619 1039 3698 atque
1057 3615 1198 3679 ordina·

92 3719 135 3783 tio
150 3720 360 3804 disciplinae
377 3730 565 3804 externae,
585 3741 679 3805 quae
708 3727 763 3786 est
781 3721 948 3804 equidem
965 3722 1121 3786 medium
1137 3741 1199 3804 po·

93 3824 255 3893 tissimum
271 3829 319 3893 ad
335 3829 443 3894 tinem
459 3829 646 3895 societatis
663 3829 887 3894 christianae
915 3829 1026 3893 tutius
1061 3832 1096 3892 et
1124 3828 1198 3891 eiii-

96 3997 266 4012 Q.-

156 4179 193 4244 (l)
228 4181 424 4248 Prolegomena
435 4179 473 4236 ad
491 4180 642 4251 Synodion
654 4183 716 4236 sive
729 4180 888 4235 Pandectns
902 4195 1042 4235 canonum
1059 4179 1096 4234 ab
1109 4179 1201 4233 Eccle-

95 4249 133 4300 sia
143 4249 247 4304 Graeca
255 4259 527 4322 receptorumnum.
540 4254 565 4306 2.

1114 4357 1149 4410 10
