3028 4992
518 379 697 438 -319-

142 517 191 582 1’.ο
238 519 507 586 Generaliteret
528 523 681 588 absolute
703 523 898 606 loquendo,
913 523 1071 586 societas
1095 524 1173 587 eth·

65 623 222 688 narohica
234 627 416 710 possibilia
433 635 500 705 est;
518 629 640 692 statim
657 629 752 693 enim
770 646 815 692 ac
830 632 956 711 partes
972 646 1036 692 seu
1054 629 1170 693 natio-

66 747 116 792 nes
144 733 262 812 pactis
294 733 516 798 solemnibus
547 752 629 798 sese
657 736 929 817 obstringerent
961 734 1008 798 ad
1038 741 1173 800 cuncta

65 839 193 916 negotia
205 840 411 903 eommunia
425 847 547 904 mutua
561 841 823 904 deliberatione
841 840 1033 920 solvenda,
1049 841 1172 905 simul-

63 959 119 1021 que
135 944 289 1008 formam
320 947 547 1010 auctoritatis
562 945 760 1028 judicantis
779 947 1078 1028 determinarent,
1094 949 1172 1028 jam

64 1045 243 1114 haberetur
259 1053 415 1115 societas
432 1054 725 1117 internetionalis
743 1054 892 1134 proprie
911 1053 1021 1117 dicta.

136 1155 1173 1242 Ejusmodiadsociatiogentiumdevenirepossetaequa·

62 1260 96 1323 lis
127 1263 185 1326 vel
219 1265 438 1346 inaequalia
472 1267 630 1348 aequetis
661 1274 877 1346 emergeret,
912 1267 943 1330 si
974 1269 1174 1330 auctoritas

63 1369 191 1432 socialis
216 1369 262 1434 de
278 1388 318 1435 se
335 1371 513 1435 resideret
528 1372 565 1436 in
594 1389 767 1436 consessu
788 1373 945 1436 omnium
965 1372 1173 1454 Principum

63 1474 329 1558 foederatorum,
351 1480 425 1560 qui,
457 1485 583 1560 utpote
607 1481 690 1559 jure
721 1497 842 1561 pares,
868 1497 971 1544 suam
1001 1479 1172 1561 indepen-

62 1580 205 1648 dentiam
242 1587 280 1648 in
311 1587 461 1668 reliquis
495 1588 651 1668 negotiis
680 1605 752 1650 uon
780 1588 998 1666 amisissent,
1030 1586 1095 1650 sed
1126 1603 1174 1649 ex

65 1705 165 1770 aequo
195 1699 459 1756 concurrerent
476 1693 522 1756 ad
541 1711 585 1756 ea
613 1695 830 1773 communia,
850 1694 949 1757 circa
976 1709 1071 1775 quae
1084 1693 1174 1772 juri·

67 1791 167 1858 dicam
186 1798 446 1879 obligationem
477 1801 747 1862 contraxissent
770 1799 890 1862 standi
913 1799 1051 1880 judicio
1069 1797 1173 1862 adso-

64 1899 235 1983 ciatornm;
252 1903 321 1966 hoe
335 1913 457 1968 tumen
470 1921 542 1968 non
555 1905 748 1986 impediret
762 1905 952 1986 quominus
967 1906 1170 1986 paciscere·

65 2011 110 2068 tur
125 2013 246 2072 votum
260 2010 414 2091 aliquus
430 2011 549 2092 gentis
568 2012 709 2075 civibus
724 2019 759 2074 et
773 2012 903 2092 opibus
921 2011 1173 2092 praevalentis

64 2128 129 2175 esse
154 2117 466 2198 praeponendum:
489 2123 656 2180 econtra
686 2119 884 2200 irmeqoatie
916 2115 1092 2181 evaderet
1119 2133 1173 2180 so-

65 2217 161 2284 cletas
187 2222 440 2303 ethnarchica,
459 2217 499 2286 si'
519 2224 699 2305 quaedam
727 2229 851 2305 partes
882 2232 946 2286 aut
969 2224 1135 2286 nationes
1152 2241 1175 2286 a

65 2327 304 2409 participanda
340 2329 560 2393 auctoritate
595 2329 870 2393 internationali
903 2329 1173 2408 excluderetur,

65 2445 142 2508 quae
158 2439 299 2499 tanturn
315 2435 353 2498 in
377 2437 533 2500 caeteris
551 2435 613 2499 vel
628 2436 666 2500 in
682 2453 752 2499 uno
771 2435 940 2516 Principe
957 2451 1174 2516 agnoscere-

64 2543 121 2617 tur,
137 2539 326 2604 imminuta
344 2541 497 2621 proinde
514 2542 779 2622 personalitate
793 2542 952 2622 juridica
969 2541 1174 2622 aliquorum

66 2648 350 2712 contrabentium.

137 2752 186 2816 29
233 2756 457 2820 Naturaliter
475 2761 511 2818 et
536 2755 717 2822 moraliter
733 2751 927 2836 loquendo,
946 2763 1100 2834 utraque
1118 2769 1171 2815 so·

66 2851 161 2922 cletas
183 2861 437 2940 ethnarchica,
467 2870 543 2926 tum
576 2861 780 2942 inaequalis
809 2869 885 2924 tum
918 2859 1095 2941 aequalis,
1123 2859 1176 2924 vi·

66 2956 152 3026 detur
181 2968 284 3032 calda
310 2969 469 3054 difficilia
496 2987 560 3033 seu
588 2967 927 3048 iereimpossibilis3
954 2967 1039 3048 quia
1071 2967 1101 3028 si
1130 2965 1176 3028 de

64 3065 222 3153 inaequali
247 3080 392 3156 agatur,
412 3093 523 3156 aegre
547 3075 735 3156 Principes
761 3079 798 3137 et
829 3075 944 3136 solum
977 3073 1175 3136 necessita·

65 3177 92 3232 te
115 3174 338 3244 ineluctabili
367 3181 533 3244 obstricti
561 3183 599 3244 in
626 3181 721 3244 hanc
749 3180 963 3243 societatem
992 3178 1174 3242 coalesce-

64 3285 143 3362 rent3
160 3287 215 3350 sin
233 3303 323 3350 vero
351 3305 470 3352 sermo
499 3288 546 3351 sit
571 3287 615 3350 de
639 3287 791 3370 aequali,
811 3285 1060 3350 difficillimum
1086 3301 1175 3365 quo-

64 3400 121 3462 que
137 3389 322 3473 Principes
339 3396 580 3457 convenirent
596 3393 633 3456 in
651 3391 905 3456 constituenda
923 3389 1174 3453 adsociatione

64 3499 191 3574 aequali
219 3499 371 3580 proprie
400 3499 512 3580 dicta,
539 3501 577 3564 in
605 3517 676 3581 qua
702 3497 869 3579 singulae
896 3495 1062 3559 nationes
1091 3511 1173 3559 sese

64 3595 208 3680 obligent
224 3603 273 3668 ad
289 3605 512 3669 serrandum
524 3605 700 3686 iudicium
716 3605 812 3667 inter
825 3601 1053 3666 consociatos
1067 3618 1174 3682 prae·

64 3703 188 3789 valeus,
205 3710 450 3774 renuntiando
468 3728 556 3775 suae
572 3709 878 3792 independentiae
894 3708 1003 3771 etiam
1020 3725 1086 3788 pro
1113 3725 1174 3770 ne·

65 3812 157 3886 gotiis
172 3816 527 3897 internetionalibus3
546 3816 593 3880 ad
618 3833 794 3880 summum
820 3816 858 3878 in
877 3813 1172 3877 hocconsentire

66 3916 178 4002 solent,
193 3928 231 3986 ut
247 3923 453 4004 hujusmodi
466 3923 613 4004 negotia
629 3940 703 3986 non
717 3921 790 3985 siut
806 3920 995 3986 exclusive
1013 3918 1173 3984 obnoxia

67 4028 222 4099 potestati
249 4047 374 4094 eorum
402 4030 448 4093 ad
464 4047 554 4112 quos
572 4029 710 4093 directe
727 4045 771 4090 ac
783 4025 992 4090 immediate
1006 4025 1170 4088 referun-

68 4132 126 4210 tur,
143 4135 203 4199 sed
219 4137 400 4200 communi
428 4136 692 4200 deliberatione
716 4133 961 4212 moderentur,
979 4139 1172 4196 reservato

68 4233 125 4300 sibi
148 4241 192 4306 ad
206 4242 367 4312 invicem
380 4243 463 4323 jure
490 4235 772 4320 interveniendi,
791 4235 938 4308 necnon.
958 4238 1065 4302 salva
1081 4255 1174 4302 sern-
