3062 4994
314 483 366 548 lia
397 487 434 548 et
450 483 618 566 amplius.
638 481 731 563 Quid
747 481 935 548 Ecclesiae
953 486 990 548 et
1012 481 1263 548 Ecclesiastici
1281 480 1327 544 ad
1344 479 1434 544 utili·
1504 517 1505 600 p

315 593 427 654 tatem
445 589 669 671 reipublicae
694 589 944 671 praestiterint
961 587 1112 654 subsidii
1128 587 1184 652 his
1202 587 1336 652 nostris
1349 593 1433 650 tem·
1504 603 1505 688 p

315 696 464 778 poribus
492 713 557 778 per
586 695 681 760 dona
698 695 859 778 gratuito.
883 701 958 760 tum
987 695 1023 759 iu
1042 693 1164 759 Gallia
1193 693 1431 776 etHispania,
1504 691 1505 784 l

315 808 389 868 tum
408 804 444 866 in
462 803 610 866 Austris
633 807 669 866 et
686 801 806 882 Italia,
825 805 973 866 exstant
990 801 1191 866 illustriora
1207 801 1433 880 documenta,
1504 785 1505 878 l

317 927 424 992 quam
442 916 481 974 ut
509 906 713 972 adversarii
737 908 931 972 lamentari
955 908 1106 989 possint,
1126 923 1239 970 onera
1268 905 1435 987 reipubli·

317 1033 383 1080 cae
411 1017 498 1080 solis
527 1015 737 1080 incumbere
768 1015 885 1078 laicis.
919 1008 1045 1095 Neque
1074 1013 1224 1094 negabit
1255 1011 1431 1090 Pontifex,

317 1129 504 1204 premente
522 1121 745 1202 reipublicae
778 1121 1009 1200 necessitate,
1037 1137 1081 1183 ea
1100 1119 1283 1201 praesidia
1301 1117 1438 1182 ebonis

316 1227 505 1294 Ecclesiae
522 1227 718 1307 inferioris,
738 1245 831 1309 quae
850 1227 1003 1291 contulit
1032 1243 1052 1290 e
1079 1224 1346 1308 gazophylacio
1374 1222 1432 1287 Ec·
1504 1225 1505 1316 l

318 1335 452 1400 clesiae
480 1335 678 1398 Romanae.
708 1333 833 1398 Refert
850 1333 987 1398 Auctor
1015 1332 1164 1396 Theatri
1189 1331 1371 1413 Europaei
1392 1328 1437 1392 ad
1504 1355 1505 1426 p

318 1459 451 1506 annum
471 1441 555 1506 1683
573 1439 591 1503 7
610 1441 702 1522 Aug.
722 1440 973 1504 Innocentium
991 1439 1042 1504 XI
1067 1439 1287 1521 Imperatori
1311 1436 1432 1502 submi·
1504 1447 1505 1530 l

317 1549 408 1612 sisse
426 1553 480 1612 ter
498 1553 643 1611 centum
666 1547 765 1610 mille
782 1553 989 1622 coronatos,
1005 1545 1130 1610 addita
1148 1546 1372 1627 amplissima
1387 1544 1432 1606 sa·

319 1656 455 1720 cultate
473 1673 519 1718 ex
536 1655 624 1736 ipsis
641 1654 786 1734 templis
804 1671 896 1718 vasa
912 1671 1019 1716 sacru
1049 1657 1085 1716 et
1102 1653 1246 1718 cimelia
1265 1652 1313 1716 ad
1340 1667 1436 1714 usum
1504 1635 1505 1640 ’

317 1761 406 1826 belli
423 1761 566 1826 Turcici
583 1761 620 1824 in
633 1767 797 1835 monetas
814 1759 1017 1844 conflandi„
1032 1759 1093 1843 (l).

708 2109 970 2178 ARTICULUS
1003 2111 1046 2176 V.

753 2325 998 2392 Suuunsruu.

321 2525 380 2577 lot.
399 2523 452 2576 lus
466 2523 609 2576 Ecclesiae
621 2536 666 2574 res
679 2535 746 2574 suas
760 2519 846 2572 libere
859 2517 1177 2572 administrarant-10⁷.
1199 2516 1322 2572 Goinarn
1335 2525 1437 2578 compe·
1504 2549 1505 2560 ,

392 2599 434 2646 tat
456 2595 613 2646 dominium
627 2593 766 2645 bonorum
780 2590 1143 2642 ecclesiasticorum—108.
1163 2589 1216 2642 Jus
1230 2589 1373 2640 Ecclesiae
1384 2581 1435 2636 sut

393 2663 463 2716 sidia
483 2664 606 2733 exipeaclt
620 2665 665 2716 vel
688 2661 792 2715 {vibulo
805 2660 1065 2728 imponendi—109.
1087 2659 1169 2711 Ratio
1189 2659 1355 2724 hujusmodi
1378 2669 1435 2707 exs-
1504 2665 1505 2722 l

392 2735 494 2786 ctionis
508 2737 553 2788 vel
573 2734 871 2801 impositionis-lid.
892 2733 966 2794 Quid
980 2733 1016 2784 de
1037 2731 1176 2784 hodierna
1199 2731 1301 2783 Cultus
1323 2734 1351 2781 et
1368 2723 1436 2780 olen
1504 2727 1505 2776 l

392 2807 601 2858 sustentatione
619 2805 804 2872 judicandum
819 2805 913 2858 sit-r
923 2807 962 2856 ll.
983 2803 1150 2856 Oblationes
1162 2805 1191 2854 et
1204 2801 1313 2854 tributa
1325 2801 1354 2852 in
1366 2799 1433 2850 favo·
1476 2827 1479 2832 ,
1504 2841 1505 2862 ,

392 2891 450 2927 rem
477 2877 655 2942 spostolicae
681 2875 772 2930 Sedis.
786 2905 815 2914 -
829 2878 889 2928 112.
907 2874 924 2928 J
928 2891 960 2928 us
985 2873 1131 2928 Ecclesiae
1155 2871 1315 2941 acquirendi
1336 2865 1437 2938 jurisdi·
1504 2863 1505 2904 l

392 2946 501 2999 clicaeo
1504 2949 1505 2966 ¹

412 3107 488 3172 106.
545 3105 633 3170 Cum
664 3105 831 3170 Ecclesia
855 3107 961 3188 juxta
994 3107 1161 3190 superius
1196 3103 1438 3169 demonstrata
1504 3093 1505 3166 l

321 3215 431 3300 plena
460 3219 642 3297 potestate
669 3211 829 3295 gaudeat
854 3213 950 3277 bona
978 3230 1057 3292 suo,
1089 3211 1199 3276 etiam
1232 3207 1435 3284 immobilia,
1504 3289 1505 3308 Χ

321 3321 436 3388 libere
461 3319 674 3404 acquirendi
698 3336 742 3383 ac
760 3318 980 3401 possidendi,
1001 3317 1122 3402 logica
1141 3315 1356 3381 deductione
1372 3307 1433 3394 ipsi
1504 3361 1505 3366 ,

322 3414 600 3494 adscribendum
618 3432 673 3490 est
686 3427 746 3508 jus
764 3425 950 3508 proprium
968 3429 1004 3488 et
1028 3423 1181 3488 liberum
1206 3422 1333 3486 eadem
1358 3433 1434 3502 quo·
1504 3407 1505 3462 l

323 3552 392 3616 que
417 3533 706 3598 administrandi:
727 3535 763 3596 et
791 3531 936 3614 quidem
954 3529 1305 3594 administrationem
1335 3527 1434 3592 bono·
1504 3545 1505 3624 Ξ

321 3658 400 3705 rum
415 3658 459 3704 ac
476 3657 595 3704 rerum
609 3656 796 3704 sacrarum
812 3637 858 3700 ad
872 3635 1086 3718 Ecclesiam,
1101 3636 1170 3700 hoc
1187 3643 1254 3716 est,
1274 3635 1320 3699 ad
1338 3631 1434 3696 Prue·
1504 3627 1505 3648 ³

321 3747 416 3812 latos
448 3750 484 3810 et
508 3745 681 3810 Rectores
706 3745 954 3809 Ecclesiarum
978 3743 1175 3826 pertinere,
1195 3743 1284 3825 quin
1309 3735 1438 3804 tutelae
1504 3725 1505 3812 l

322 3853 444 3920 Status
473 3851 700 3935 subjiciatur,
719 3853 770 3916 uti
788 3867 1047 3932 nonuunquam
1075 3847 1197 3930 inique
1216 3849 1377 3912 statuunt
1392 3841 1436 3905 le·

322 3979 386 4044 ges
419 3960 560 4042 civiles,
586 3958 722 4042 triplici
751 3961 966 4040 argumento
999 3955 1152 4020 disserte
1186 3955 1364 4020 evincitur
1389 3945 1436 4012 υἱ·
1504 3933 1505 4018 l

393 4237 432 4303 (l)
467 4234 518 4302 Op.
532 4236 562 4287 et
574 4233 627 4288 loc.
640 4233 712 4286 alias
722 4230 782 4285 citt.
