3028 4992
534 367 715 424 -321-

74 509 276 592 imperfecta
305 527 431 574 veram
465 511 677 575 societatem
717 510 1049 592 internationalem,
1082 513 1185 592 cujus

74 617 263 681 ethnarcha
280 617 350 680 fuit
366 617 547 681 Romanus
560 617 742 699 Pontifex,
755 635 834 681 cum
849 616 1072 682 Ethnarchia
1086 617 1185 683 Chri·

73 723 182 786 stiana
214 723 516 805 illiustemporis,
551 723 603 788 uti
635 741 681 787 ex
712 723 864 788 historia
882 729 1009 805 aperte
1027 731 1183 808 constat,

73 847 186 892 omncs
206 829 440 893 characteres
468 831 737 911 praesetulerit,
764 831 824 913 qui
843 830 888 893 ad
906 831 1082 912 eJ‘usmodi
1113 850 1184 896 ma-

72 953 169 1016 gnam
189 937 498 1000 consociationem
518 936 807 1001 constituendam
826 937 1091 1002 desiderantur.

149 1043 196 1107 Et
226 1061 329 1124 sane,
365 1044 521 1107 societas
552 1043 846 1108 internetionalis
881 1045 1021 1108 mediae
1054 1046 1185 1109 aetatis

71 1151 647 1232 quinqueelementanecessaria
679 1151 916 1214 ett'ormandis
949 1151 1048 1215 hisce
1083 1153 1186 1216 adsu-

71 1258 280 1322 dationibus
297 1257 464 1338 superius
477 1259 659 1322 recensita
677 1257 713 1320 in
730 1275 769 1320 se
786 1257 923 1320 habuit:
957 1257 1008 1320 1.⁰
1032 1259 1185 1323 multita-

71 1365 188 1446 dinem,
208 1365 362 1444 scilicet,
378 1369 505 1445 gentes
523 1382 616 1445 quae
634 1365 833 1428 Romanum
861 1365 1054 1445 Imperium
1082 1383 1185 1428 occu·

70 1478 257 1552 paverant,
277 1471 372 1534 etab
391 1470 556 1534 Ecclesia
572 1489 644 1535 non
661 1472 765 1536 modo
779 1471 898 1550 fldem,
919 1489 1045 1534 verum
1073 1473 1183 1534 etiam

71 1579 243 1643 culturam
261 1585 491 1660 receperant,
511 1578 564 1641 29
577 1581 679 1664 finem
696 1599 915 1660 communem,
936 1580 1020 1660 quia
1039 1579 1187 1658 negotia

72 1688 229 1750 omnibus
247 1687 308 1750 vel
326 1687 489 1768 pluribus
507 1687 650 1768 populis
667 1693 753 1751 tunc
779 1689 953 1770 temporis
982 1688 1187 1752 communia

71 1791 352 1872 subjiciebantur
366 1792 601 1856 moderamini
620 1811 664 1857 ac
677 1794 852 1858 decisioni
866 1795 1058 1874 potestatis
1077 1795 1186 1859 inter-

72 1901 273 1980 nationalis3
303 1898 539 1965 3.⁰moralem
565 1901 849 1986 conjuactionem,
879 1901 1012 1964 etenim
1044 1903 1187 1965 ratione

73 2004 341 2072 christianitatis
361 2006 509 2069 diversa
526 2023 640 2088 regna
658 2023 703 2070 ex
720 2006 914 2070 eversione
943 2007 1092 2089 Imperii
1120 2008 1185 2072 Ro-

74 2115 160 2175 mani
174 2119 307 2177 exorta
320 2112 366 2176 ad
383 2097 540 2177 invicem
555 2114 816 2195 spectabantur
834 2130 899 2176 ceu
915 2131 1047 2194 magna
1080 2132 1186 2178 mern-

73 2217 130 2282 bra
143 2219 306 2300 ejusdem
324 2219 523 2298 societatis;
543 2218 597 2282 4.⁰
622 2219 796 2284 vinculum
826 2219 1029 2302 juridicum,
1047 2225 1083 2281 et
1113 2221 1185 2300 qui-

73 2321 143 2387 dem
170 2325 434 2406 arctissimum,
469 2326 761 2408 quandoquidem
777 2328 836 2406 jus
869 2327 1053 2408 publicum
1079 2327 1187 2390 medii

74 2433 147 2495 aevi
164 2432 302 2514 triplici
318 2433 552 2496 fundamento
578 2434 773 2514 nitebatur;
792 2435 821 2511 ⁸)
843 2415 1084 2498 'catholicitatc
1102 2451 1186 2514 gen·

73 2535 163 2618 tium,
180 2557 287 2621 quae,
308 2540 376 2603 etsi
392 2541 551 2604 moribus
568 2541 773 2604 rudioribus
790 2547 827 2605 ut
845 2541 1038 2622 plurimum
1057 2541 1187 2604 emica-

74 2650 156 2726 rent,
166 2663 312 2709 necnon
324 2645 504 2710 interdum
515 2647 741 2728 primaevam
756 2647 963 2711 barbariem
978 2661 1014 2710 et
1025 2648 1188 2711 nativam

74 2746 251 2814 feritatem
267 2751 488 2833 redolerent,
505 2753 596 2817 adeo
616 2761 653 2817 ut
669 2753 835 2818 Ecclesia
850 2753 1012 2834 pluribus
1031 2755 1188 2818 saeculis

74 2855 342 2922 adlaboraverit
354 2859 474 2940 gratia
501 2860 721 2923 informandi
749 2878 811 2923 eas
841 2860 1047 2924 christianis
1077 2865 1185 2926 sensi·-

73 2959 143 3044 bus,
161 2964 323 3027 maxima
347 2969 469 3028 tamen
490 2967 737 3053 veneratione·
760 2966 975 3048 religionem
1005 2969 1187 3048 colebant,

73 3071 174 3150 atque
193 3071 230 3134 in
256 3089 414 3152 persona
431 3071 706 3154 Episcoporum,
718 3090 808 3154 quos
826 3073 1039 3154 interregni
1056 3075 1187 3154 primo-

74 3189 125 3238 res
139 3177 395 3259 recensebant,
408 3177 608 3242 Ecclesiam
624 3196 762 3242 summa
776 3179 986 3244 reverentia
998 3184 1034 3241 et
1045 3181 1188 3244 sincero

75 3280 239 3366 obsequio
265 3286 594 3366 prosequebantnr3
611 3283 637 3366 b)
655 3287 901 3370 superiorttnte
930 3285 1091 3366 ejusdem
1123 3284 1188 3348 Ec·

75 3385 214 3470 clasiae,
225 3391 264 3454 in
279 3408 351 3474 qua
365 3391 493 3456 aderat
508 3409 599 3456 vora
612 3393 901 3474 praeeminentia
915 3391 1187 3470 intellectualis,

75 3499 215 3562 moralis
234 3503 270 3562 et
293 3499 582 3580 supernaturalis
599 3500 706 3562 simul
735 3516 815 3563 cum
833 3499 969 3563 virtute
994 3498 1190 3562 socialibus

74 3605 347 3669 necessitatibus
377 3605 601 3688 consulendi,
622 3605 742 3669 dume
768 3611 896 3670 contra
913 3606 949 3669 in
968 3606 1090 3687 regnis
1107 3612 1190 3688 post

75 3703 313 3775 Barbarorum
338 3711 566 3776 invasionem
599 3713 732 3776 creatis
765 3713 1023 3794 experiebatur
1056 3731 1190 3795 urgens

76 3816 268 3882 necessitas
292 3817 503 3882 inveniendi
528 3818 784 3883 auctoritatem
803 3819 996 3902 quamdam
1015 3820 1190 3884 moralem

77 3922 109 3981 et
137 3923 448 4008 excellentiorem,
479 3941 572 4008 quae
601 3925 700 3990 viam
725 3925 890 4006 justitiae
918 3943 961 3990 ao
989 3924 1190 3990 honestatis

77 4024 239 4094 edoceret
256 4030 411 4113 populos
428 4047 475 4095 ex
492 4031 554 4094 via
583 4031 721 4112 agresti
750 4031 899 4095 eductos
928 4037 1036 4114 atque
1055 4032 1190 4114 optimo

78 4135 110 4194 a
119 4133 244 4200 libenti
261 4136 381 4200 animo
396 4137 582 4218 praeditos
596 4137 643 4202 ad
656 4137 925 4220 suscipiendum
938 4138 1100 4203 salutaro
1117 4157 1192 4203 ma·

78 4237 257 4317 gisterinm
282 4246 318 4307 et
336 4243 536 4308 beneficam
551 4243 739 4309 Ecclesiae
757 4245 951 4328 actionem3
970 4247 1089 4334 ⁰)j1rrc
1106 4265 1191 4329 quo·

1086 4357 1118 4405 rr
