3028 4992
49 545 50 548 Ἴ
106 571 161 649 est,
178 568 364 650 cujusdam
394 569 579 633 societatis
606 569 897 654 internetionalis
928 568 1209 635 christianarum

104 676 246 754 gentium
275 676 382 740 unico
407 680 444 738 et
461 677 641 739 communi
669 675 857 756 religionis
876 675 1023 739 viuculo
1042 677 1089 740 ad
1118 677 1209 740 invi·

104 797 168 844 com
193 783 482 864 conjunctarum,
509 783 619 847 stiam
649 781 695 846 ad
724 783 856 846 bonum
884 782 1087 863 temporale
1112 800 1209 847 asse-

102 887 280 968 quendum,
300 889 499 952 auctoritas
524 889 768 952 intersocialis
798 888 844 952 ad
874 887 1006 952 Christi
1025 889 1209 953 Vicariunr

104 995 294 1058 necessario
323 995 521 1058 deferenda
538 1002 631 1076 erat,
650 1001 818 1077 spectata
848 1003 923 1059 tum
940 1003 1072 1059 natura
1090 997 1209 1076 hujus·

103 1100 183 1164 modi
210 1101 491 1165 consociationis
521 1102 793 1182 ethnarchicae,
813 1107 888 1165 tum
917 1101 1039 1166 indole
1069 1103 1210 1184 pontili-

102 1204 172 1268 clae
197 1207 403 1287 potestatis:
424 1209 568 1270 ratione
588 1215 716 1272 natura
734 1208 849 1288 ipsius
879 1209 1068 1272 societatis
1100 1211 1207 1273 iuter-

102 1313 294 1395 nationalis,
309 1315 394 1397 quia
412 1333 491 1380 cum
510 1316 588 1394 ejus
606 1317 743 1378 sociale
759 1315 941 1379 vinculum
957 1320 1053 1378 esset
1066 1317 1209 1398 religio,

33 1433 34 1436 ’
94 1419 258 1498 judicium
284 1422 383 1485 circa
400 1423 632 1504 quaestiones
657 1423 849 1504 generales
875 1428 911 1485 et
940 1424 1088 1503 negotia
1116 1440 1211 1486 oom-

102 1527 211 1591 muuia
234 1529 445 1592 incumbere
463 1528 620 1592 debebat
638 1529 809 1610 potestati
839 1529 1033 1610 spirituali,
1054 1547 1147 1610 quae
1168 1529 1212 1592 de

102 1633 197 1698 rebus
219 1635 401 1716 religiosis
419 1635 478 1698 vel
504 1652 584 1698 cum
613 1636 790 1716 religione
819 1617 993 1698 connexis
1026 1636 1130 1698 unice
1156 1652 1212 1699 co·

98 1755 264 1818 gnoscere
294 1747 426 1822 potest;
446 1743 589 1805 ratione
606 1743 736 1807 indolis
766 1743 938 1824 propriae
964 1742 1211 1823 Pontificatus,

98 1845 178 1926 quia
195 1864 238 1910 ex
254 1847 482 1911 institutione
513 1847 637 1912 divina
655 1848 835 1912 Primatus
852 1847 889 1911 in
908 1848 1006 1912 Petri
1024 1848 1212 1912 Successo-

102 1952 191 2016 ribus
213 1955 349 2018 residet
378 1956 566 2037 plenitudo
588 1957 779 2037 potestatis
808 1956 1009 2038 spiritualis
1039 1962 1075 2018 et
1092 1973 1213 2036 super·

100 2061 279 2142 naturalis,
306 2061 462 2144 ideoque
487 2063 570 2142 jure
600 2063 723 2125 divino
753 2063 841 2143 ipsis
870 2063 990 2126 inerat
1014 2063 1214 2124 auctoritas

101 2168 218 2231 nativa
235 2174 271 2232 et
288 2186 459 2250 suprema
473 2169 661 2250 judicandi
681 2170 724 2232 de
742 2169 851 2233 rebus
877 2187 921 2232 ac
939 2167 1212 2247 controversiis,

99 2274 238 2354 quaein
257 2259 481 2339 Ethnarcbia
499 2273 708 2340 Christiana
725 2275 969 2340 oborirentur.

196 2381 284 2445 Inde
323 2382 558 2463 consequitur
598 2382 847 2446 Alexandrum
880 2382 929 2445 Vl
966 2380 1112 2444 saeculo
1148 2379 1216 2444 XV

100 2493 248 2552 exeunte
277 2491 351 2568 (au.
383 2488 495 2571 1493),
528 2505 609 2552 cunt
637 2489 706 2552 hoo
735 2495 898 2570 tempore
928 2488 1046 2552 adhuc
1073 2488 1217 2568 vigeret

101 2592 215 2675 aliqua
231 2596 375 2658 ratione
401 2594 649 2658 christianitas
669 2595 819 2676 politica
837 2594 944 2658 medii
963 2595 1060 2674 aevi,
1080 2594 1215 2676 optimo

96 2697 174 2774 jnre
196 2702 395 2766 asseruisse
411 2718 451 2765 se
469 2701 669 2783 procedere
686 2703 722 2764 in
742 2701 963 2782 elargiendis
977 2701 1217 2783 finiendisque

108 2807 200 2870 terris
224 2825 268 2873 ac
286 2808 414 2872 insulis
439 2809 584 2872 noviter
608 2809 761 2874 detectis
791 2827 836 2872 ex
867 2809 1092 2890 apostolicae
1118 2813 1216 2890 pote·

104 2913 198 2977 statis
226 2914 466 2996 plenitudine,
486 2917 694 2980 auctoritate
711 2916 954 2998 omnipotentis
971 2915 1050 2996 Det',
1068 2917 1165 2980 nobis
1181 2916 1219 2978 ia

14 3069 15 3088 l
102 3015 189 3085 decio
205 3021 309 3086 Petro
326 3041 496 3103 concesso,
514 3042 555 3086 ac
579 3023 778 3087 Vicariatus
794 3022 877 3086 Jesu
899 3019 1036 3102 Christi,
1056 3043 1123 3104 qua
1137 3023 1216 3105 sun-

101 3124 206 3205 pr'mur
232 3129 270 3192 in
299 3129 413 3209 terrie,
438 3134 547 3209 prout
576 3129 612 3192 iu
637 3127 902 3193 Constitutione
932 3128 1038 3191 toties
1067 3127 1218 3189 laudata

102 3228 190 3297 later
205 3241 343 3300 caetera
356 3217 506 3316 legitur.

184 3340 259 3404 192.
309 3339 392 3420 Sed,
412 3357 662 3424 quaecumque
690 3341 873 3404 exstiterit
903 3341 1004 3421 origo
1031 3355 1074 3401 ac
1092 3337 1219 3402 funda·

102 3450 254 3510 mentum
286 3447 479 3529 potestatis
512 3446 784 3525 ethuarchicae,
812 3463 895 3528 qua,
922 3445 1066 3527 populis
1101 3445 1219 3507 aocla-

101 3553 276 3618 mantilrus
306 3558 343 3616 et
359 3552 587 3634 Principibus
617 3552 940 3631 consentientibus,
961 3551 1080 3615 media
1096 3555 1219 3614 aetate

100 3654 209 3722 functi
233 3664 319 3724 sunt
346 3658 498 3722 Romani
527 3658 734 3738 Pontifices,
762 3658 928 3740 plerique
957 3657 1155 3738 scriptores
1183 3657 1220 3720 in

101 3765 203 3829 rebus
219 3765 404 3830 historicis
422 3765 588 3847 apprime
605 3765 738 3828 eruditi
755 3771 791 3828 et
810 3764 1045 3846 praejudiciis
1063 3765 1221 3846 partium

101 3869 242 3936 minime
270 3871 427 3953 abrepti,
454 3872 564 3934 etiarn
593 3871 687 3934 iuter
717 3873 816 3952 ipsos
846 3875 1092 3952 protestantes
1120 3877 1221 3933 recte

97 3977 295 4042 sentientes
313 3977 375 4060 (1),
394 3977 488 4042 ultro
517 3977 680 4041 fatentur
705 3977 918 4041 exercitium
949 3981 986 4040 et
1010 3975 1221 4042 intersocia·

103 4148 284 4161 ὴ..-

167 4244 203 4308 (1)
238 4243 318 4296 Inter
338 4243 410 4296 alios
432 4242 525 4295 David
538 4241 671 4308 Urquhsr
692 4255 768 4294 anuo
791 4243 860 4294 isos
883 4241 1034 4294 occasions
1058 4241 1224 4293 indictionis

97 4308 216 4366 Consilii
230 4314 361 4367 Vaticani
385 4314 587 4367 necomitatem
609 4311 789 4365 instaurandi
811 4315 984 4380 potestatem
1007 4311 1223 4365 ethnarcbioam
