3058 4994
757 361 935 422 -412-

283 507 350 574 sed
367 507 524 572 confinia
540 507 726 572 nationum
752 506 880 570 eadem
912 509 1128 588 permanent
1159 505 1230 570 boc
1263 507 1423 568 tantum
1525 509 1526 526 ¹

282 615 504 695 discrimine,
523 613 619 696 quod
632 618 743 678 antea
759 613 862 676 limes
875 613 1093 677 censebatur
1123 611 1309 676 dimidium
1343 629 1421 674 na·
1525 631 1526 680 3

283 721 402 786 turale
415 721 583 802 fluminis,
597 727 726 803 postea
740 723 887 802 putatur
902 737 1026 801 margo
1057 718 1234 783 medietas
1266 717 1421 782 veteris
1525 713 1526 758 ³

283 845 411 892 cursus
430 827 600 890 fluvialis.
1525 819 1526 828 ’

372 935 619 1016 Praescriptio.
667 932 767 996 Inter
785 933 902 997 media
920 933 1119 1014 originaria
1132 950 1229 996 nova
1243 929 1419 994 dominia
1525 925 1526 960 ³

285 1045 348 1104 aut
366 1040 549 1104 territoria
562 1041 774 1122 acquirendi
792 1041 926 1123 optime
954 1041 1139 1105 recenseri
1163 1044 1284 1122 potest
1302 1055 1422 1122 prae·
1525 1127 1526 1130 Ἴ

284 1147 435 1228 scriptio
461 1163 524 1210 seu
542 1148 754 1211 continuata
767 1147 960 1228 possessio,
979 1147 1084 1211 modo
1112 1146 1271 1228 gaudeat
1286 1145 1424 1209 condi·
1525 1145 1526 1232 ἦ

286 1253 445 1316 tionibus
479 1271 500 1316 a
533 1253 614 1334 lege
647 1253 856 1335 assignatis,
884 1255 1037 1334 scilicet,
1062 1253 1159 1317 bona
1191 1253 1274 1328 tide,
1301 1253 1423 1315 titulo

287 1359 462 1442 legitimo,
482 1360 712 1442 possessione
736 1377 809 1424 non
825 1361 1042 1442 interrupta,
1065 1363 1230 1441 tempore
1255 1358 1422 1440 requisi·

286 1471 336 1546 to,
356 1483 514 1547 persona
530 1465 644 1530 habili
661 1471 697 1529 et
713 1483 753 1530 re
768 1465 1068 1548 praescriptibili.
1525 1449 1526 1452 ¹

376 1571 455 1636 Hac
482 1589 592 1654 super
624 1589 663 1635 re
693 1572 773 1636 Juri
804 1571 1083 1636 Internationali
1116 1571 1236 1653 aptari
1270 1573 1423 1651 queunt

286 1677 415 1742 eadem
430 1677 609 1759 principia
627 1695 670 1742 ac
683 1679 832 1760 regulae
852 1695 946 1760 quae
962 1680 999 1741 in
1010 1679 1094 1758 jure
1110 1677 1256 1758 privato
1270 1675 1422 1757 vigent,
1525 1669 1526 1682 *

286 1790 444 1864 excepta
473 1784 679 1848 conditione
703 1785 889 1866 temporis;
909 1785 1044 1848 etenim
1062 1785 1099 1847 in
1127 1783 1216 1847 Jure
1243 1783 1424 1848 Interna-

287 1891 415 1954 ticnali
445 1907 517 1954 non
545 1892 755 1972 agnoscitur
783 1891 958 1954 terminus
988 1889 1303 1971 praescriptionis
1325 1889 1421 1971 quia

287 1995 440 2078 quilibet
469 1995 591 2060 Status
618 1997 814 2060 dominium
841 1997 878 2060 iu
908 1996 1131 2060 territorium
1159 1996 1306 2072 retinet,
1327 1995 1421 2060 dum

289 2111 409 2186 potest
438 2121 481 2168 ac
498 2106 577 2168 vult
593 2121 695 2168 suam
713 2105 968 2167 auctoritatem
998 2105 1034 2167 in
1064 2103 1190 2167 eodem
1219 2120 1419 2167 exercere:

288 2209 373 2274 hinc
390 2210 631 2292 praescriptio
660 2209 706 2274 ad
724 2228 829 2274 casus
863 2216 1000 2274 tantum
1020 2209 1259 2291 possessionis
1287 2209 1421 2272 imme·

289 2316 450 2380 monialis
469 2315 612 2380 videtur
630 2333 710 2380 esse
728 2316 997 2398 restringenda.

376 2423 431 2486 81.
481 2422 570 2486 Tres
588 2423 696 2486 etiam
715 2423 810 2486 modi
827 2423 1012 2486 derivativi
1031 2425 1179 2486 exstant
1196 2421 1420 2503 acquirendi

288 2527 484 2592 dominium
502 2529 796 2609 internationale,
815 2529 967 2610 scilicet,
988 2529 1135 2610 emptio,
1157 2527 1272 2592 cessio
1298 2531 1420 2610 atque

288 2637 483 2716 successim
502 2637 588 2700 licet
612 2639 706 2702 enim
724 2637 835 2718 aliqui
861 2637 1171 2718 expugnationem
1188 2637 1418 2717 (conquisto)

290 2751 492 2808 memorant
519 2745 613 2808 iuter
642 2744 760 2808 media
792 2744 1000 2807 derivativa
1034 2743 1220 2807 territoria
1252 2743 1418 2807 aliarum
1525 2759 1526 2772 ¹

289 2849 450 2931 gentium
469 2849 624 2914 habendi
642 2869 685 2914 ac
703 2849 922 2932 possidendi,
938 2849 1006 2914 hcc
1024 2849 1238 2932 acquirendi
1252 2848 1418 2913 medium
1525 2865 1526 2884 ³

293 2973 439 3038 prorsus
456 2957 639 3036 rejicimus
666 2963 789 3038 utpote
807 2957 917 3020 rectis
931 2957 1096 3037 justitiae
1125 2955 1316 3037 principiis
1335 2957 1418 3037 pia·
1525 2955 1526 2984 i

291 3079 336 3128 ne
364 3063 560 3142 reluctens3
581 3069 617 3126 et
645 3081 733 3126 sane
762 3063 932 3126 assentiri
948 3063 1138 3144 nequimus
1162 3063 1308 3126 illorum
1324 3063 1419 3142 juri·

290 3175 426 3232 starum
446 3169 661 3248 sententiae,
682 3169 754 3249 qui,
774 3171 1030 3252 occupationem
1053 3169 1211 3234 balticum
1228 3167 1249 3232 J
1253 3167 1327 3231 uris
1347 3167 1418 3232 Ro·
1525 3171 1526 3244 t

292 3275 388 3338 mani
417 3275 643 3356 invocantes,
670 3281 859 3338 auturnant
886 3279 1066 3356 integrum
1096 3292 1176 3340 esse
1204 3275 1419 3339 nationibus
1525 3261 1526 3348 f

292 3382 450 3462 proauis
479 3381 673 3446 ditionibus
690 3381 865 3462 augendis
892 3382 1202 3462 expugnationem
1220 3380 1416 3462 adbibere;
1525 3459 1526 3462 Ἴ

291 3505 375 3550 nam
404 3488 579 3568 ejusmodi
595 3487 843 3569 acquisitionis
862 3489 978 3551 forma
996 3489 1141 3551 omnino
1166 3487 1364 3569 illegitima
1382 3495 1420 3552 et
1525 3505 1526 3528 ¹

291 3601 420 3674 aperte
448 3593 584 3672 injusta
611 3603 778 3675 apparet,
805 3594 981 3675 siquidem
1012 3595 1057 3658 de
1087 3596 1319 3676 possessione
1338 3597 1418 3660 vio·

291 3699 390 3762 lenta
408 3701 538 3780 agitur,
554 3700 597 3764 de
616 3717 705 3764 vera
723 3701 956 3780 usurpatione
973 3701 1094 3780 alieni,
1110 3701 1155 3765 de
1171 3703 1419 3783 occupatione

290 3813 434 3870 armata
463 3807 648 3886 territorii,
667 3825 739 3870 non
769 3809 909 3887 cottias,
928 3808 992 3871 sed
1021 3826 1043 3872 a
1072 3808 1217 3872 domino
1247 3814 1349 3873 certo
1382 3817 1420 3874 et

292 3913 440 3992 proprio
459 3911 619 3992 legitime
637 3914 809 3993 possessi.

382 4015 514 4082 Omnes
533 4017 640 4080 medii
657 4017 854 4081 derivativi
871 4017 918 4080 ad
936 4020 1010 4082 vim
1034 4019 1233 4100 juridicam
1250 4021 1415 4084 obtinen-

289 4121 375 4186 dam
394 4123 599 4186 necessario
617 4124 802 4204 postulant
818 4123 945 4187 foedus
962 4125 1159 4208 publicum,
1179 4127 1217 4191 in
1235 4145 1309 4210 quo
1335 4144 1417 4192 con·

291 4233 364 4291 stet
381 4233 523 4292 mutuus
540 4245 735 4293 consensus
761 4229 883 4294 Status
913 4233 1136 4312 acquirentis
1162 4237 1276 4316 atque
1293 4233 1416 4300 Status

292 4333 498 4416 vendentis,
517 4334 679 4398 cedentis
697 4340 759 4399 aut
774 4337 1019 4402 succedentis.
