3062 4994
834 411 1009 468 -116-

454 553 509 618 66.
560 553 630 618 1.um
653 553 887 636 Principium.
906 553 1083 620 Ecclesiae
1100 555 1260 640 competit
1282 556 1340 638 jas
1370 555 1485 620 eccla·

363 661 476 726 aioum
492 667 571 726 eota
587 661 750 746 reltpioaa
781 673 944 726 Poenica
976 661 1195 745 opnoaceadi,
1214 679 1396 743 eorumque
1427 673 1471 724 so

365 779 494 830 cunas
510 779 703 832 arenosus
727 767 764 832 iu
786 767 866 852 foro
890 774 1030 832 exteram
1045 766 1231 854 definiendi
1255 773 1356 849 atque
1374 767 1482 831 mode-

365 873 484 938 randi.
504 871 558 936 Ex
577 873 657 954 ipsa
674 871 781 953 hujus
799 873 969 954 principii
987 871 1244 937 enunciatione
1261 889 1415 954 pronum
1432 879 1487 936 est

368 979 544 1060 colligere
561 983 781 1042 tractatores
797 978 818 1043 J
822 979 896 1042 uris
913 977 1065 1058 Publici,
1083 995 1164 1042 cum
1182 975 1370 1042 Ecclesiae
1388 987 1480 1059 pote·

366 1091 497 1150 statem
515 1102 626 1166 supra
639 1083 825 1150 laudatam
839 1087 1028 1150 materiam
1043 1093 1200 1166 tuentur,
1219 1085 1335 1150 eidem
1354 1085 1481 1149 adscri-

366 1194 453 1258 bere
471 1193 758 1274 recognitionem
769 1195 947 1278 publicam
966 1203 1133 1258 votorum
1151 1192 1391 1274 evangelicae
1408 1209 1480 1274 per-

369 1300 549 1380 fectionis,
575 1299 644 1363 boc
682 1305 748 1380 est,
783 1316 848 1381 per
884 1317 1043 1364 canones
1075 1317 1139 1365 seu
1173 1301 1273 1381 leges
1310 1285 1483 1382 positivae

368 1425 579 1489 expressam
600 1407 747 1490 (publice
764 1408 997 1490 apuoscendi),
1016 1412 1126 1489 atque
1143 1407 1252 1471 etiam
1271 1405 1479 1470 moderatio·

367 1533 448 1578 nem
479 1519 706 1577 contentum
727 1513 970 1594 dogmaticam
998 1513 1178 1577 inordina
1202 1513 1405 1593 doetrinae,
1425 1516 1482 1574 aut

367 1622 523 1686 ethicam
557 1621 593 1684 in
623 1621 699 1684 loro
732 1621 888 1702 interno,
907 1619 971 1684 sed
992 1638 1077 1684 vere
1106 1620 1300 1701 juridicam
1331 1622 1383 1698 (tn
1408 1620 1483 1704 foro

367 1731 520 1796 esterno)
538 1731 714 1790 eteorum
732 1727 921 1810 societate,
941 1729 1056 1810 primo
1075 1727 1327 1791 ecclesiastica
1341 1733 1378 1789 et
1390 1725 1479 1788 dein·

367 1833 412 1896 de
428 1833 528 1896 civili
547 1834 704 1910 (sociales
720 1833 891 1918 effectus).

457 1938 661 2002 Praemisso
674 1939 742 2004 hac
757 1939 1087 2020 animadversione,
1102 1940 1139 2004 in
1152 1939 1480 2004 corroborationem

367 2045 558 2109 memorati
574 2045 743 2126 principii
759 2046 949 2128 sequentia
964 2047 1144 2110 rationum
1161 2053 1346 2110 momenta
1371 2045 1451 2128 proi
1470 2079 1479 2089 ·

367 2152 490 2216 rimus:
510 2150 538 2230 ⁸)
563 2149 749 2215 Ecclesiae
778 2151 951 2216 divinitus
981 2151 1238 2216 demandatum
1270 2157 1325 2216 est
1360 2167 1481 2216 munus

367 2258 518 2322 curandi
537 2276 580 2320 ao
594 2259 832 2340 promovendi
846 2261 1079 2322 sanctitatem
1097 2258 1270 2338 fidelium,
1286 2259 1393 2340 eique
1405 2275 1477 2340 pro-

366 2365 450 2429 inde
464 2366 523 2445 jus
538 2369 592 2428 est
609 2365 883 2446 praescribendi
900 2383 1045 2430 normas
1064 2363 1267 2428 servandas
1285 2365 1331 2427 ab
1349 2365 1393 2426 iis
1425 2361 1480 2444 qui
1509 2381 1510 2463 ᾗ

366 2473 583 2556 perfectioni
615 2471 804 2536 intendere
838 2473 1000 2554 cupiunt;
1034 2473 1128 2537 siout
1160 2473 1256 2536 enim
1285 2473 1480 2554 praecepta

367 2579 464 2642 ferre
483 2583 603 2660 potest
616 2596 680 2659 pro
696 2578 860 2642 omnibus
878 2577 1085 2643 christianis
1099 2579 1145 2642 ad
1158 2578 1478 2642 sanctificationem

367 2685 511 2748 facilius
529 2690 566 2747 et
583 2685 692 2748 tutius
710 2685 1006 2766 comparandam,
1026 2686 1076 2748 ita
1094 2684 1204 2748 etiam
1223 2691 1260 2748 et
1277 2683 1410 2766 potiori
1429 2682 1477 2762 ju-

367 2807 407 2852 re
426 2789 526 2870 leges
543 2789 797 2870 hypotheticas
822 2790 979 2854 condere
1012 2792 1114 2854 valet
1146 2807 1212 2873 pro
1241 2790 1314 2854 illis
1348 2790 1409 2872 qui
1438 2787 1478 2850 ad
1508 2851 1509 2858 χ

367 2895 484 2978 ipsam
499 2895 759 2977 perfectionem
778 2894 976 2978 adsurgere
1008 2896 1149 2978 volunt,
1169 2901 1207 2960 ut
1236 2913 1387 2979 scopum
1418 2893 1477 2957 sibi
1508 2981 1509 2990 ἵ

367 3003 624 3086 praestitutum
656 3002 853 3084 prudenter
885 3011 921 3066 et
955 3004 1154 3068 efficaciter
1179 3003 1381 3084 obtineant;
1407 2998 1430 3085 i)
1452 3001 1477 3062 si
1508 2993 1509 3027 ¹

366 3111 500 3175 bonum
513 3115 704 3190 reputatur
720 3109 880 3173 consiliis
904 3111 1129 3192 evangelicis
1162 3109 1199 3174 in
1231 3111 1310 3174 foro
1345 3111 1479 3174 interno

368 3217 570 3299 attendere,
586 3215 757 3298 optimum
776 3215 995 3280 censendum
1009 3217 1080 3280 erit
1093 3216 1221 3282 eadem
1238 3219 1400 3282 exterius
1413 3231 1476 3279 ser-

367 3341 471 3406 vare,
489 3325 541 3387 ita
556 3326 593 3386 ut
606 3325 811 3404 appareant
829 3339 951 3386 coram
981 3324 1157 3387 societate
1175 3323 1389 3403 christiana;
1417 3321 1479 3384 boc

368 3429 463 3494 enim
480 3445 708 3510 summopere
733 3427 881 3509 expedit
913 3433 988 3494 tum
1019 3429 1108 3510 ipsis
1140 3429 1406 3512 profitentibus,
1424 3425 1477 3508 qui
1507 3485 1508 3520 r

367 3535 433 3599 sub
451 3535 643 3615 vigilantia
659 3534 845 3600 societatis
864 3535 971 3615 positi
989 3535 1130 3599 cautius
1147 3535 1351 3618 procedunt
1369 3543 1403 3599 et
1420 3531 1475 3596 dii·
1507 3533 1508 3591 l

368 3641 497 3704 ficilius
515 3659 537 3704 a
553 3645 722 3723 suscepto
740 3641 927 3722 proposito
946 3640 1149 3723 discedunt,
1168 3647 1241 3705 tum
1259 3649 1413 3706 cunctae
1429 3655 1476 3701 so·

368 3747 506 3828 cietati,
525 3747 582 3811 cui
599 3748 696 3828 pium
709 3747 885 3828 juvamen
902 3752 938 3812 et
962 3747 1161 3812 salutarem
1194 3748 1477 3812 aedificationem

366 3854 521 3936 praebet
534 3852 711 3934 ejusmodi
723 3852 906 3934 publicum
920 3859 957 3917 et
969 3853 1153 3918 laudabile
1167 3855 1387 3936 exemplum
1402 3852 1478 3916 hino

367 3962 525 4024 maxime
542 3959 699 4024 fidelium
713 3961 865 4023 interest
877 3977 943 4023 sua
960 3967 1048 4024 vota
1078 3978 1202 4025 coram
1221 3963 1398 4027 societate
1427 3974 1475 4022 ec·
1506 3973 1507 4044 ζ

368 4069 576 4132 clesiastica
592 4067 770 4148 emittere,
784 4071 821 4130 et
839 4068 884 4131 ab
902 4069 982 4150 ipsa
1000 4068 1144 4140 eadem¹
1162 4071 1421 4134 auctoritative
1445 4067 1479 4126 et

368 4175 514 4257 publice
531 4175 667 4257 suscipi
687 4191 731 4240 ac
749 4173 944 4255 moderari,
963 4180 1001 4238 ut
1013 4177 1081 4239 rite
1093 4175 1319 4256 emittantur,
1332 4180 1367 4240 et
1383 4171 1475 4238 emis·

367 4299 410 4345 sa
449 4289 549 4346 recte
588 4281 895 4365 custodiantur;⁰)
923 4288 1029 4345 extra
1066 4299 1208 4346 omnem
1247 4276 1475 4346 dubitationis
