3096 4986
560 363 719 423 ..63-

85 505 162 587 quin
175 506 252 587 jnri
278 505 439 572 naturali
463 505 755 590 praevalentiam
787 507 975 572 societatis
1005 508 1207 590 superioris

86 613 343 694 praescribenti
359 614 634 695 adversaretur3
660 615 773 697 igitur
788 615 1065 680 inobservantia
1082 616 1205 698 legum

85 719 238 784 civilium
252 719 372 803 quoad
389 721 565 786 nonnulla
582 721 778 804 privilegia
795 739 860 786 seu
889 721 987 804 quod
1012 723 1107 787 idem
1134 729 1203 804 est,

85 824 284 890 immunitas
300 827 338 891 in
350 827 531 910 aliquibus
543 828 652 892 rebus
665 828 834 892 civilibus
848 835 886 892 et
912 829 1067 910 negotiis
1085 829 1204 893 crimi-

87 931 222 998 nalibus
240 951 313 998 non
330 933 497 1018 procedit
510 934 712 999 formaliter
729 953 776 999 ex
788 935 872 1016 jure
886 935 1025 1016 divino,
1044 935 1110 1000 sed
1122 954 1204 1018 pro·

88 1037 176 1101 nime
208 1045 244 1102 et
261 1038 461 1104 directeex
487 1041 570 1122 jure
587 1040 839 1105 ecclesiastico
869 1041 983 1105 oritur
1013 1042 1100 1105 lieet
1127 1041 1203 1106 lato

88 1159 187 1208 sensu
202 1152 311 1228 atque
327 1153 477 1228 remote,
494 1145 610 1227 idest,
626 1147 864 1212 fundamento
883 1164 947 1212 seu
972 1148 1133 1212 essentia
1150 1148 1205 1212 rei

88 1257 259 1333 spectata,
279 1251 456 1317 ineodem
481 1253 564 1334 jure
588 1252 713 1318 divino
729 1253 915 1334 fulciatur,
950 1255 1121 1336 quoniam
1145 1273 1204 1318 ae·

90 1359 201 1438 quitos
230 1359 410 1424 naturalis
444 1360 597 1443 ipseque
632 1359 791 1442 dignitas
816 1365 935 1424 status
960 1360 1143 1424 clericalis
1182 1377 1205 1424 a

91 1461 223 1530 Christo
238 1465 394 1531 Domino
411 1466 566 1530 instituti
591 1467 784 1548 justitiam,
800 1466 995 1530 utilitatem
1008 1471 1045 1530 st
1072 1483 1204 1531 conve·

91 1569 253 1637 aientium
265 1589 455 1638 sacrarum
469 1573 739 1655 exemptionum
765 1573 956 1639 suadeant.

171 1677 224 1742 33.
270 1677 621 1762 Expositisdiversis
634 1681 906 1745 canonistarum
920 1680 1110 1744 sententiis
1135 1681 1204 1746 cir·

92 1799 132 1846 ca
147 1790 306 1850 naturam
320 1786 518 1868 juridicam
536 1803 725 1852 sacrarum
740 1787 1020 1867 immunitatum,
1039 1788 1205 1852 nonnihil

93 1887 134 1952 de
150 1891 282 1974 origine
298 1893 465 1959 historica
496 1893 830 1959 ecclesiasticarum
861 1895 1136 1975 exemptionum
1153 1895 1203 1958 di·

95 1996 330 2078 baudement,
351 2005 389 2066 ut
415 1999 633 2065 luculentius
667 2006 794 2082 pateat
826 2001 1029 2082 Principes,
1050 2002 1204 2082 populos

97 2107 193 2184 atque
208 2105 414 2170 universam
429 2106 685 2189 antiquitatem
702 2106 940 2170 christianam
957 2105 1106 2170 mirifice
1119 2121 1203 2168 con-

97 2208 223 2288 spirare
237 2213 276 2275 in
292 2211 524 2276 adstruendis
543 2230 588 2276 ac
605 2211 836 2277 vindicandis
853 2211 1077 2277 Olsricorum
1090 2210 1203 2292 privi-

98 2311 200 2396 legiis.

173 2419 279 2506 Origo
307 2423 483 2488 historica
510 2423 748 2489 immunitatis
788 2423 998 2506 religiosae,
1030 2421 1203 2504 generice

98 2523 257 2610 inspecta,
276 2529 322 2594 ad
339 2529 582 2594 remotissima
599 2547 713 2612 usque
729 2537 896 2612 tempora
916 2529 1076 2610 assurgit
1092 2535 1204 2612 atque

98 2630 214 2716 inipso
229 2637 406 2702 societate
423 2636 570 2701 ethnica
585 2637 780 2718 reperitur3
814 2636 947 2700 etenim
966 2645 1090 2700 notum
1108 2653 1204 2701 com·

98 2739 480 2824 partumqueestapud
510 2740 668 2823 gentiles
699 2738 925 2819 sacerdotes,
958 2740 1041 2804 loca
1071 2745 1108 2804 et
1143 2758 1204 2804 res

98 2859 204 2912 sacras
216 2848 380 2931 pluribus
402 2847 695 2930 exemptionibus
708 2864 789 2912 esse
801 2847 986 2929 insignita;
1004 2847 1057 2911 sic
1070 2865 1130 2912 ex.
1145 2865 1202 2930 gr.

99 2947 255 3020 inVetsri
272 2955 506 3020 Testamento
525 2953 679 3036 legimus
696 2953 849 3036 praedia
881 2954 1115 3018 sacerdotum
1131 2971 1204 3017 non

100 3054 191 3124 laima
203 3068 326 3145 empta
341 3078 365 3124 a
381 3060 575 3128 Pharaone
591 3069 756 3142 ternpore
774 3059 881 3124 famis
898 3061 958 3142 (1),
978 3077 1120 3123 necnon
1132 3059 1201 3122 Ar·

100 3165 261 3232 taxersem
279 3167 455 3250 templum
478 3165 851 3249 Hierosolymitanum
878 3173 989 3248 atque
1019 3165 1153 3230 levitas
1182 3183 1206 3228 a

101 3270 214 3338 tributo
231 3273 410 3338 liberasse
428 3272 489 3354 (2).
508 3271 545 3338 Si
560 3273 671 3354 igitur
687 3273 825 3356 pagani
843 3273 1030 3354 aequitate
1044 3271 1206 3336 naturali

102 3375 368 3465 ductipersonas
385 3399 430 3447 ae
446 3399 507 3446 res
540 3399 666 3446 sacras
697 3380 974 3463 spectatissimis
1000 3377 1205 3460 privilegiis

102 3494 266 3572 emerunt,
281 3489 411 3554 mirum
429 3488 533 3553 nobis
547 3505 628 3553 esse
644 3505 716 3552 non
735 3487 845 3552 debet
860 3489 943 3568 post
969 3501 1103 3566 pacem
1119 3499 1205 3548 con-

102 3594 340 3660 stantinianam
354 3596 491 3680 primos
507 3595 754 3678 Imperatores
768 3593 1000 3674 christianos,
1014 3591 1203 3675 Principes

24 3781 25 3786 ἵ
102 3696 193 3764 etiam
207 3701 451 3768 Barbarorum
480 3704 518 3766 et
533 3701 707 3766 Dominos
723 3699 888 3764 feudales
917 3717 983 3781 pro
1016 3698 1205 3778 religionis

102 3806 273 3873 sanctitate
298 3807 440 3891 majora
466 3808 552 3890 jura
575 3813 612 3874 et
638 3807 928 3891 praestantiores
959 3803 1206 3870 immunitates

105 4007 267 4030 ᾕ--η

163 4170 198 4242 (1)
231 4175 493 4246 6ου.ωρ.Χινῑ.

163 4245 197 4311 (²)
229 4245 562 4316 tib.IEsdr.cap.Vl1.
