3058 4994
695 657 958 728 ARTIOULUS
991 661 1057 730 ΙΙΙ.

749 839 997 906 somniarunt.

316 1019 375 1069 129.
389 1014 609 1068 Bellum-180.
624 1015 767 1084 Principia
775 1017 830 1070 hac
837 1031 969 1083 superre.
978 1019 1067 1070 -rtt
1080 1016 1166 1070 Notio
1176 1016 1357 1071 berit-tat.
1371 1018 1444 1086 Eius

388 1085 599 1140 divisio—ltili.
631 1085 816 1141 conditiones
837 1088 1016 1140 necessariae
1040 1087 1077 1140 ad
1101 1086 1207 1141 bellum
1233 1089 1444 1154 legitimum.-

390 1161 448 1210 tut.
470 1155 561 1210 Coma
574 1157 762 1224 iusta-186.
788 1157 857 1212 Vero
877 1158 1127 1214 memmiae-136.
1145 1159 1308 1214 Auctoritas
1319 1159 1442 1228 publica.

390 1229 449 1282 tut.
468 1225 588 1282 Intentio
596 1230 781 1296 potia-liiii.
801 1227 987 1285 Deounciaiio
1000 1229 1221 1298 publicu-iiiii.
1240 1229 1346 1286 Modus
1359 1231 1443 1300 logiti-

387 1315 488 1357 νινε.-
498 1303 555 1353 tto.
576 1299 672 1353 Media
684 1301 789 1368 quibus
803 1301 843 1354 uti
856 1307 965 1368 queunt
977 1301 1125 1356 bellantes.

408 1479 483 1546 129.
532 1480 727 1564 Postquam
756 1481 875 1547 media
899 1483 1050 1570 pacifico
1074 1485 1111 1545 et
1128 1485 1318 1548 coercitiou
1335 1497 1444 1566 quae-

317 1587 454 1652 stiones
487 1587 655 1652 solvendi
687 1587 990 1672 praecedentibus
1023 1587 1188 1653 articulis
1224 1587 1443 1671 explanavi·

318 1710 410 1774 mus,
437 1693 483 1758 ad
508 1695 708 1775 pleniorem
732 1695 895 1759 notitiam
926 1701 963 1759 et
991 1695 1211 1778 completam
1236 1695 1442 1760 doctrinam

317 1817 430 1883 supra
462 1801 712 1866 contentiones
743 1801 1046 1866 internationales
1079 1800 1310 1883 tradendam,
1339 1801 1440 1867 modo

319 1907 566 1972 disserendum
586 1913 641 1972 est
658 1909 702 1973 de
726 1909 844 1974 forma
861 1917 1003 1973 cruciata
1019 1907 1211 1973 dirimendi
1229 1915 1441 1973 controver-

318 2014 393 2080 sias
410 2014 507 2096 apud
535 2013 670 2096 Status,
690 2013 847 2080 debello
877 2031 1019 2097 nempe,
1040 2015 1267 2080 institutione
1299 2015 1441 2098 penitus

319 2121 565 2204 antiJuridica,
581 2123 687 2204 praxi
700 2139 789 2185 vere
805 2121 1023 2200 irrationali,
1038 2121 1197 2186 remedio
1218 2122 1345 2204 utique
1362 2121 1440 2186 bar·

321 2227 423 2309 baro,
443 2235 552 2310 atque
579 2244 644 2292 usu
663 2245 775 2309 penes
793 2233 921 2308 gentes
938 2227 1177 2292 communiter
1193 2233 1361 2312 recepto,
1381 2223 1439 2290 sed

319 2333 579 2416 reprobatione
596 2349 640 2397 ao
657 2335 828 2420 stigmate
846 2349 993 2416 prorsus
1007 2333 1128 2416 digno.

410 2441 582 2506 Attamen
606 2441 650 2505 de
667 2441 736 2507 hoc
765 2449 948 2524 postremo
977 2442 1093 2524 gradu
1122 2456 1318 2524 processus
1335 2443 1438 2506 inter·

321 2547 517 2612 nationalis
535 2547 634 2630 loqui
651 2550 825 2630 cogimur,
845 2549 945 2613 illum
964 2549 1213 2613 tantummodo
1232 2549 1436 2631 spectantes

322 2661 508 2737 tamquam
525 2655 657 2718 vulnus
685 2655 836 2736 sociale,
854 2656 1086 2738 imperiosam
1104 2655 1266 2738 gentium
1285 2652 1436 2720 necessi·

322 2767 449 2844 tatem,
468 2764 603 2826 iactum
633 2762 808 2827 historiae
832 2762 1089 2828 indeclinabile
1107 2767 1215 2844 atque
1234 2773 1435 2844 supremum

323 2887 509 2934 recursum
527 2873 729 2951 temporum
747 2873 865 2933 tractu
883 2869 1068 2934 inductum
1082 2877 1118 2933 et
1134 2869 1354 2952 populorum
1370 2881 1436 2929 mo·

323 2975 422 3040 ribus
439 2975 630 3039 sancitum.

317 3113 321 3124 .
412 3083 524 3146 Recta
542 3081 652 3163 igitur
681 3085 801 3145 mente
826 3099 869 3145 ac
893 3079 1115 3146 nobilissimo
1133 3081 1244 3162 scepo
1263 3081 1434 3144 mitiorem

279 3179 282 3188 ’
322 3187 499 3254 reddendi
527 3205 628 3252 usum
657 3187 763 3269 hujus
791 3188 892 3252 dirae
931 3187 1070 3252 formae
1096 3191 1206 3269 atque
1239 3180 1433 3252 saevissimi

324 3291 529 3378 processus,
550 3293 755 3359 detestandi
784 3295 948 3376 proiecto
978 3311 1021 3358 ac
1040 3293 1183 3358 delendi
1212 3291 1309 3375 apud
1328 3289 1433 3356 cultas

324 3406 465 3484 gentes,
484 3401 698 3466 brevissime
718 3400 877 3465 dicemus
895 3398 939 3464 de
957 3401 1115 3496 notione,
1137 3399 1317 3464 divisione
1334 3401 1431 3476 atquo

324 3507 556 3590 legitimitate
572 3509 670 3589 belli,
690 3525 831 3571 necnon
848 3508 892 3571 de
905 3507 1047 3590 juribus
1065 3515 1101 3571 et
1130 3506 1258 3571 ciliciis
1276 3513 1350 3572 tum
1366 3499 1430 3566 bel·

324 3615 481 3681 latorum
499 3623 573 3682 tum
590 3615 824 3681 neutralium.

415 3723 491 3786 130.
539 3723 744 3806 Antequam
761 3739 850 3786 vero
879 3723 1066 3805 potissima
1091 3721 1214 3804 capita
1231 3739 1312 3787 cum
1341 3729 1432 3801 prae·

325 3830 422 3894 senti
454 3829 705 3912 disquisitione
736 3847 902 3894 connexa
931 3827 1129 3910 tradamus,
1160 3831 1429 3893 consentaneum

326 3939 429 4003 nobis
447 3939 592 4003 videtur
625 3937 817 4019 sequentia
834 3937 1023 4000 adstruere
1040 3935 1232 4018 principia:

417 4046 489 4108 lim
527 4043 637 4127 Origo
655 4061 698 4108 ac
715 4044 987 4108 fundamentum
1005 4041 1092 4106 beili
1107 4047 1162 4106 est
1179 4039 1336 4106 turbatio
1349 4027 1430 4098 ordi·

326 4150 382 4214 nis
395 4151 554 4232 socialis,
569 4169 639 4234 quo
653 4152 785 4216 fruitur
799 4166 983 4232 megene,
1000 4166 1065 4231 per
1079 4149 1279 4214 violentam
1293 4138 1425 4210 alterius

326 4259 577 4342 oppressionem
590 4263 652 4322 aut
664 4258 834 4340 injustam
849 4257 1023 4341 bonorum
1047 4255 1108 4320 vel
1136 4263 1366 4338 personarum
1391 4242 1426 4306 il·
