3058 4994
568 363 686 422 -1459
709 395 745 408 -

98 503 256 587 privatae
272 523 361 570 vere
379 507 614 587 constituunt;
633 504 757 570 Status
775 506 871 570 enim
889 521 932 570 eo
947 507 1026 588 ipso
1040 506 1136 590 quod
1149 524 1223 572 non

99 620 209 676 exstat
226 612 402 678 Tribunal
419 613 585 695 superius
610 617 793 695 potestate
818 613 1035 691 insignitum
1052 631 1136 678 suas
1153 613 1222 678 dis-

97 719 270 784 sentiones
284 719 539 801 componendi,
552 726 663 802 atque
677 720 879 784 tentamina
890 719 1077 784 amicitiae
1087 721 1224 783 frustra

95 824 212 890 habita
228 835 324 908 sunt,
340 826 520 908 justitiam
537 826 605 890 sibi
635 826 825 892 vindicant
858 833 894 890 et
911 843 976 908 per
994 826 1133 907 seipsos
1151 823 1216 888 ad-

95 933 307 997 ministrant:
326 927 396 1016 age
405 934 495 1016 J'am,
515 950 562 996 ex
574 933 663 998 lure
694 931 862 998 Naturali
880 937 917 996 et
934 933 1092 1015 positivo
1110 948 1215 996 exer·

94 1038 211 1104 citium
225 1039 391 1122 jnstitiae
407 1041 577 1122 privatae
594 1041 793 1104 sustentari
811 1041 953 1122 nequit,
969 1041 1054 1121 quia
1071 1039 1221 1103 admini·

93 1147 215 1210 stratio
240 1145 407 1228 justitiae
436 1155 492 1212 est
519 1145 699 1228 quaedam
729 1146 868 1210 functio
900 1145 1150 1210 essentialiter
1179 1163 1223 1210 ac

92 1253 290 1318 eminenter
306 1254 466 1335 publica,
484 1270 591 1336 quae,
609 1253 704 1318 sicut
738 1253 829 1317 nulli
846 1269 1026 1335 personae
1053 1253 1221 1335 privatae

91 1359 130 1421 in
145 1361 320 1425 societate
337 1359 439 1424 civili
453 1360 639 1442 competit,
658 1360 711 1424 ita
736 1361 847 1424 etiam
866 1360 1066 1440 unicuique
1083 1339 1223 1423 nationi

90 1465 128 1528 in
144 1467 318 1534 societate
336 1467 612 1532 internationali
630 1465 741 1530 tribui
754 1466 891 1549 nequit,
909 1465 974 1530 sed
993 1469 1136 1530 tantum
1160 1465 1222 1528 ad·

87 1571 242 1651 judicari
259 1573 387 1638 liceret
404 1571 520 1638 Statui
539 1571 725 1654 Supremo,
743 1573 774 1636 si
793 1571 941 1655 quando
961 1571 1222 1636 efformaretur

91 1679 365 1760 magnacivitas
384 1681 546 1762 gentium
573 1698 637 1744 seu
665 1681 822 1746 societas
840 1697 932 1744 vera
961 1679 1217 1743 ethnarchica:

90 1782 141 1847 2.⁰
155 1786 190 1850 in
202 1786 302 1850 hisce
315 1787 522 1851 recursibus
536 1787 735 1852 violentiae
748 1804 892 1868 semper
906 1785 1087 1868 detegitur
1106 1803 1209 1867 aper·

89 1897 126 1954 ta
143 1893 386 1974 repugnantia
416 1909 480 1956 seu
498 1892 741 1957 contradictio
784 1892 955 1972 jnridica;
988 1909 1073 1956 nam
1105 1891 1221 1974 primo

90 1995 219 2062 intuitu
236 1999 418 2064 cernimus
434 1997 556 2062 Status
575 2000 674 2064 vices
688 1999 823 2080 jndicis
840 2017 884 2064 ac
903 2001 1018 2081 partis
1032 1999 1139 2064 simul
1151 2015 1217 2080 ge·

91 2121 182 2185 rere;
202 2111 239 2170 et
250 2123 352 2185 sane,
366 2123 447 2169 cum
462 2107 578 2170 oritur
592 2105 744 2189 aliquod
760 2106 929 2188 litigium,
950 2107 1066 2170 laesio
1084 2110 1147 2170 aut
1170 2105 1220 2168 of·

89 2210 217 2289 lensio,
233 2213 312 2295 ipse
329 2213 489 2294 litigans,
506 2213 628 2278 laesus
646 2218 711 2277 aut
724 2214 844 2278 oileus
857 2230 898 2276 us
911 2211 1129 2276 auctoritate
1141 2227 1222 2292 pro·

90 2318 169 2398 pria
187 2317 231 2381 de
245 2335 284 2382 re
303 2322 557 2402 controversa,
585 2318 629 2382 de
643 2319 847 2384 violatione
865 2324 1080 2400 perpetrata
1103 2316 1164 2380 vel
1176 2316 1221 2380 de

89 2423 221 2506 injuria
237 2424 343 2488 illata
356 2423 497 2504 jndicat
514 2425 609 2507 quod
627 2424 771 2508 quidem
790 2443 895 2490 nemo
912 2431 967 2489 est
985 2425 1046 2506 qui
1063 2442 1136 2487 non
1166 2425 1219 2486 vi-

90 2529 173 2595 deat
189 2549 297 2613 quam
315 2531 492 2596 absonum
510 2549 591 2595 esse
610 2550 632 2594 a
649 2539 752 2596 recta
769 2534 918 2596 ratione
935 2537 1046 2613 atque
1064 2531 1222 2613 ipsamet

26 2695 29 2705 .
86 2638 177 2718 juris
191 2640 351 2704 notione:
365 2640 419 2704 3.⁰
434 2640 555 2704 omnis
574 2640 695 2704 lorma
708 2640 928 2721 processalis
941 2639 978 2704 vi
991 2638 1119 2702 fulcita
1131 2640 1221 2704 vitio

88 2745 355 2827 reciprooitatis
372 2750 503 2826 scatet,
525 2763 621 2828 quae
659 2747 826 2828 prolecto
861 2746 898 2810 in
928 2745 1017 2809 Jure
1049 2744 1221 2810 damnata

90 2861 154 2933 est;
175 2853 309 2918 etenim
327 2853 426 2918 nullo
443 2859 551 2934 pacto
570 2853 628 2918 fas
660 2859 715 2916 est
749 2851 898 2918 cuilibet
929 2851 1047 2918 Statui
1083 2837 1222 2917 actioni

89 2959 245 3041 injustae
262 2960 484 3041 respondere
512 2960 640 3024 eadem
658 2959 783 3042 iniqua
800 2958 935 3042 agendi
954 2960 1117 3040 ratione,
1137 2960 1222 3041 quia

89 3081 272 3150 nunquam
288 3065 467 3146 inJustitia
483 3066 650 3147 reparari
668 3065 803 3147 poterit
819 3065 893 3129 alia
907 3065 958 3146 inj
967 3067 1102 3130 ustitia.
1204 3121 1210 3133 .

177 3173 354 3253 Quamvis
378 3189 467 3238 vero
494 3172 587 3237 hacc
619 3173 666 3236 sit
696 3173 868 3236 doctrina
885 3190 974 3236 vere
995 3171 1165 3252 Juridica,
1184 3175 1246 3236 et*

91 3277 256 3345 absolute
273 3279 453 3362 loquendo
479 3279 624 3344 omnino
643 3278 813 3358 tenenda,
833 3285 997 3342 attamen
1022 3277 1044 3342 J
1048 3295 1088 3344 os
1105 3277 1219 3342 Inter·

91 3387 289 3463 nationale,
307 3395 346 3450 ut
379 3404 492 3468 supra
510 3387 703 3468 innuimus,
722 3391 889 3467 spectata
907 3386 1044 3450 actuali
1062 3387 1139 3466 ejus
1156 3387 1218 3449 im-

90 3493 316 3572 perfectione
329 3509 373 3556 ac
386 3510 452 3575 pro
467 3493 665 3573 majoribus
679 3492 785 3557 malis
800 3492 972 3573 vitandis,
990 3493 1220 3556 coactionem

91 3598 409 3666 internetionalem
423 3607 825 3684 tamquamsupremum
835 3617 1024 3664 recursum
1039 3599 1217 3682 agnoscit,

92 3710 200 3790 atque
219 3723 320 3772 usum
348 3707 546 3771 violentiae
579 3706 787 3770 nationibus
816 3706 1007 3788 permittit,
1042 3704 1149 3770 modo
1182 3705 1220 3769 in

91 3813 344 3891 gravissimam
362 3813 561 3894 perniciem
579 3817 615 3878 et
647 3812 834 3877 exitialem
867 3813 957 3876 belli
988 3811 1129 3876 cladem
1146 3828 1219 3876 non

92 3919 321 3997 perveniant.
