3062 4994
779 369 960 432 -162-

306 513 354 578 ad
376 513 431 580 sui
448 513 528 578 duis
546 512 852 594 consecutionem3
882 531 951 596 age
972 513 1062 595 J'am,
1081 513 1314 596 exploratum
1332 513 1435 596 apud

307 638 431 686 omues
449 627 505 684 est
521 619 618 684 bona
635 619 835 686 immobilia
852 620 1056 686 nouaclum
1074 619 1206 684 idonea
1233 618 1298 684 sed
1314 619 1437 701 magis

307 733 384 791 tuta
401 731 438 792 et
465 727 650 792 naturalia
667 744 748 792 esse
776 725 823 790 ad
851 726 1015 791 redditus
1048 727 1198 791 stabiles
1215 735 1252 790 et
1268 726 1438 790 utiliores

306 833 572 922 producendos,
591 833 701 915 igitur
714 831 903 898 Ecclesiae
919 833 1014 898 inest
1026 835 1087 914 jus
1100 833 1197 898 bona
1209 833 1357 897 stabilia
1368 832 1436 896 ha-

307 940 415 1004 bendi
432 947 542 1024 atque
555 939 749 1004 retinendi.
770 947 795 1023 ⁰)
812 939 978 1004 Ecclesia
992 939 1161 1023 denique,
1176 957 1258 1004 cum
1275 957 1322 1003 ex
1338 946 1437 1004 stata

306 1047 382 1132 ejas
392 1047 552 1132 juridico
577 1047 624 1110 eit
640 1047 797 1110 societas
818 1063 839 1108 a
857 1045 957 1110 civili
975 1045 1237 1128 independens,
1255 1045 1380 1110 valide
1397 1051 1438 1108 et

306 1152 406 1218 licite
420 1154 614 1236 acquirere
633 1159 753 1236 potest
770 1153 946 1218 facultate
962 1153 1031 1217 sibi
1060 1154 1182 1233 insita,
1201 1152 1355 1235 ideoque
1373 1151 1438 1215 ad·

307 1259 584 1324 hibitistantum
602 1259 729 1323 mediis
760 1264 798 1322 et
826 1257 1092 1322 conditionibus
1121 1257 1250 1338 aiore
1278 1261 1439 1322 naturae

306 1367 558 1450 praescriptis,
589 1367 676 1448 quin
694 1366 794 1448 leges
811 1365 940 1430 civiles
969 1381 1121 1428 servare
1153 1369 1334 1444 teneatur,
1362 1364 1440 1428 nisi

307 1491 370 1540 eae
396 1479 497 1539 ratae
529 1471 677 1553 habeat;
697 1477 894 1554 eapropter
925 1471 962 1535 in
989 1469 1078 1534 Jure
1107 1468 1289 1536 Canonico
1307 1469 1440 1536 valida

306 1580 562 1646 existimantur
579 1579 703 1660 legata
719 1589 756 1642 et
774 1583 994 1642 testamenta
1021 1595 1087 1659 pro
1119 1577 1238 1642 causis
1264 1577 1343 1658 piis,
1364 1577 1440 1640 etsi

306 1686 590 1768 praetermissae
604 1686 676 1748 sint
689 1685 940 1748 solemnitates
953 1684 1094 1764 civiles,
1106 1682 1297 1748 dummodo
1306 1683 1440 1764 imple·

306 1799 345 1854 ta
362 1791 497 1854 fuerint
513 1791 768 1854 substantialia
789 1790 926 1870 dejure
944 1795 1100 1854 naturae
1112 1791 1173 1870 (1);
1189 1789 1439 1868 nihilominus

307 1915 389 1964 cum
403 1897 447 1964 de
460 1899 602 1964 actibus
616 1899 712 1963 inter
729 1899 828 1962 viros
847 1899 981 1980 agitur,
997 1897 1097 1979 leges
1114 1897 1242 1960 civiles
1255 1896 1298 1960 de
1316 1901 1439 1960 trans-

306 2004 444 2072 latione
461 2003 596 2070 domiui
628 2013 729 2068 ratas
758 2005 895 2068 habere
923 2004 1029 2084 solet,
1048 2003 1134 2086 quia
1160 2003 1238 2068 vita
1269 2003 1440 2066 fruentes

306 2128 391 2174 suos
419 2119 522 2176 actus
539 2111 725 2193 corrigere
744 2117 781 2174 et
798 2111 957 2193 priorem
986 2109 1211 2174 voluntatem
1229 2115 1440 2174 retractare

307 2224 457 2299 queunt.

396 2341 448 2405 2.⁰
495 2339 637 2405 Deinde
655 2343 832 2423 potestas,
851 2355 946 2422 quae
963 2339 1151 2404 Ecclesiae
1168 2339 1353 2420 competit,
1373 2338 1439 2403 bo·

306 2466 355 2512 na
389 2449 536 2512 mobilia
564 2448 625 2512 vel
657 2447 858 2510 immobilia
892 2445 1104 2528 acquirendi
1137 2451 1173 2509 et
1205 2445 1441 2510 custodiendi

304 2556 383 2638 jare
412 2555 705 2638 divino-positivo,
723 2553 793 2618 hoc
817 2559 884 2634 est,
904 2552 971 2616 Dei
999 2553 1225 2616 institutione
1252 2553 1437 2617 innititur:

310 2660 510 2740 enimvero,
526 2657 689 2723 Christus
703 2658 879 2724 Dominus
892 2660 928 2722 in
942 2658 1010 2722 Dei
1028 2659 1162 2722 cultum
1181 2665 1217 2722 et
1231 2660 1442 2724 animarum

306 2765 461 2829 salutem
480 2765 682 2830 Ecclesiam
696 2767 865 2848 instituit,
886 2773 923 2829 et
939 2765 1110 2848 quoniam
1123 2773 1338 2847 perpetuam
1351 2783 1441 2830 esse

306 2872 436 2951 voluit,
457 2871 601 2935 minime
620 2871 787 2936 dubitare
816 2873 914 2952 lieet,
936 2874 1022 2956 quin
1050 2891 1131 2938 eam
1148 2889 1291 2957 quoque
1310 2872 1441 2936 volue-

306 2979 355 3044 rit
374 2979 418 3041 iis
433 2977 598 3040 omnibus
616 2979 738 3058 potiri,
758 2997 852 3061 quae
871 2981 1082 3044 necessaria
1110 2981 1233 3044 forent
1261 2977 1442 3044 adfinem

307 3103 410 3148 suum
429 3084 707 3165 assequendum:
721 3085 795 3165 jam
814 3103 915 3165 vero,
928 3085 974 3148 ad
992 3085 1059 3150 Dei
1073 3086 1211 3150 cultum
1224 3089 1260 3148 et
1276 3084 1440 3149 salutem

308 3191 510 3254 animarum
540 3191 761 3252 exstruenda
790 3193 1027 3273 sunttempla
1057 3199 1093 3256 et
1122 3192 1269 3271 altaria,
1287 3208 1441 3273 compa·

307 3297 424 3360 rande
441 3307 655 3360 ornamenta
673 3303 710 3358 et
724 3315 814 3358 vasa
831 3315 952 3377 sacra,
969 3299 1092 3362 aliave
1108 3297 1156 3364 ad
1180 3297 1342 3362 divinum
1360 3299 1441 3361 cul·

308 3413 384 3465 tum
416 3403 634 3483 spectantia,
664 3401 787 3465 alendi
818 3409 902 3466 sunt
927 3403 1113 3485 Episcopi,
1145 3403 1357 3485 Presbyteri
1391 3421 1443 3468 ac

308 3507 462 3572 Ministri
481 3509 540 3589 qui
555 3509 743 3573 Ecclesiae
756 3511 933 3590 serviant,
949 3515 985 3574 et
1000 3515 1074 3574 toto
1089 3511 1210 3574 animo
1225 3516 1336 3592 atque
1349 3527 1442 3592 ope*
1529 3561 1530 3580 2

309 3631 351 3676 ra
377 3621 550 3676 aeternae
580 3616 762 3678 hominum
780 3617 889 3678 soluti
907 3615 1092 3680 curandae
1109 3616 1335 3698 incumbant,
1355 3615 1441 3682 Cle·
1529 3617 1530 3670 ἶ

309 3717 376 3780 rici
392 3717 429 3780 in
453 3717 583 3781 litteris
600 3727 637 3784 et
655 3722 757 3784 bonis
776 3721 935 3785 moribus
953 3721 1178 3804 instituendi,
1197 3739 1382 3804 pauperes
1401 3735 1443 3788 et

309 3823 441 3886 infirmi
465 3825 690 3906 attendendi,
710 3827 855 3908 aliaque
886 3828 1000 3891 multa
1023 3829 1101 3909 eJus
1130 3829 1276 3910 generis
1304 3847 1441 3911 procu-

310 3927 438 4008 randa3
454 3945 547 4012 quae
562 3929 706 4011 quidem
720 3935 839 3998 omnia
854 3933 932 3998 sine
946 3934 1108 4016 aedibus,
1123 3935 1202 3999 sine
1215 3951 1340 4018 ceusu,
1356 3937 1443 4002 sine

312 4117 496 4126 ---——--

381 4243 420 4308 ll)
457 4238 526 4310 Cap.
546 4241 699 4302 Ranarurr
712 4245 745 4302 de
759 4249 933 4304 testamento.
