3096 4986
791 373 947 433 ...58-

305 519 432 598 fuisse,
448 535 566 600 neque
579 519 796 584 sententiam
810 517 1031 583 contrariom
1045 535 1067 580 a
1079 515 1241 581 Romano
1255 513 1442 580 Pontidoe

306 641 388 690 esse
401 625 624 704 damnatam
642 625 696 688 3.⁰
712 624 832 705 legem
848 623 1006 704 civilem,
1034 622 1104 687 etsi
1120 639 1143 686 a
1159 621 1240 686 viro
1257 617 1441 704 supienti-

305 732 397 796 simo
415 732 525 794 latam
546 736 583 794 et
599 729 775 794 laudabili
791 729 870 794 zelo
887 729 1087 808 redactam,
1106 729 1144 792 in
1160 727 1269 794 rebus
1285 727 1441 810 religio·

306 838 356 900 sis
373 839 447 902 vim
458 836 652 919 juridicam
671 841 708 900 et
720 836 884 900 valorem
896 835 1097 900 decisivum
1115 834 1262 899 minime
1278 833 1439 914 habere;

306 943 390 1008 hinc
408 943 503 1007 inter
521 943 637 1006 verba
649 941 851 1006 Tridentini
864 941 1127 1006 immunitatem
1140 940 1441 1004 ecclesiasticam

303 1049 387 1130 jure
404 1049 528 1112 divino
553 1051 591 1112 et
613 1047 791 1112 canonico
808 1047 993 1112 inductam
1021 1045 1243 1110 declarantis
1261 1049 1298 1108 et
1315 1045 1443 1108 verba

307 1155 399 1236 legis
416 1153 599 1236 imperiali
617 1153 798 1218 voluntati
827 1170 908 1218 eam
925 1154 1028 1235 quusi
1052 1151 1220 1216 favorem
1237 1150 1442 1216 tribuentis
1537 1195 1538 1202 κ

306 1259 450 1325 sincero
464 1259 646 1324 catholico
663 1260 794 1324 electio
811 1259 922 1324 dubia
938 1275 1020 1324 esse
1032 1257 1170 1341 nequit.

682 1573 946 1640 ARTIOULUS
973 1575 1036 1640 VI.

747 1767 992 1836 Suunsurutr.

310 1967 354 2020 80.
374 1965 522 2017 Sententia
535 1969 663 2016 extrema
676 1961 847 2015 Juristarum
858 1961 1060 2015 catholicorum
1070 1959 1191 2016 divim
1203 1961 1342 2030 originem
1356 1967 1444 2016 tuen·

383 2037 453 2087 tium
469 2033 734 2099 expendatur—iil.
754 2033 858 2100 Opinio
875 2031 1081 2086 ecdeatosttcam
1102 2033 1240 2099 originem
1254 2040 1441 2088 sustentans.

383 2109 462 2156 -82,
482 2107 629 2166 Quaenam
643 2108 788 2158 sententia
799 2105 923 2156 tenende
944 2107 1070 2160 sin—ua.
1084 2103 1170 2169 Origo
1181 2101 1312 2158 historica
1329 2105 1444 2158 Immu-

381 2177 595 2229 nitutum.-it.
612 2174 668 2230 Jus
681 2175 840 2244 cayti-titi.
862 2176 993 2228 Erulutio
1006 2176 1093 2242 hujus
1114 2177 1247 2242 spectatis
1271 2175 1442 2230 immunito

382 2249 418 2300 iis
432 2247 623 2299 localis-it.
643 2247 726 2299 Ratio
739 2245 842 2311 agendi
855 2247 999 2299 Ecclesiae
1011 2246 1040 2298 in
1054 2247 1173 2300 muteris
1182 2245 1390 2302 Immunitetis.

399 2433 453 2496 30.
519 2431 754 2512 Canouistae,
789 2432 919 2514 quibus
952 2449 1033 2496 oum
1071 2431 1213 2498 Eximio
1246 2431 1440 2516 Suerezio,

312 2539 449 2603 Emmo.
468 2539 605 2620 Soglia,
637 2541 791 2622 aliisque
818 2537 1069 2603 eruditissimis
1088 2541 1178 2604 virio
1208 2541 1442 2622 probabilior
1539 2567 1540 2574 ¹

310 2647 456 2711 videtur
473 2647 658 2710 sententia
675 2647 830 2710 divinam
848 2645 1113 2709 immunitatum
1141 2647 1319 2727 originem
1338 2663 1441 2712 usse-

312 2769 410 2831 rens,
441 2752 487 2814 ud
505 2752 712 2830 historiam,
738 2752 985 2830 traditionem,
1016 2750 1165 2816 Sacrum
1191 2752 1439 2836 Scriptorum,

311 2859 565 2920 ecclesiastica
582 2865 815 2922 monumenta
831 2863 940 2939 atque
958 2858 1136 2922 rationem
1152 2859 1382 2941 confugiunt,
1400 2867 1442 2923 ut

311 2965 407 3026 omni
425 2969 720 3042 argumentorum
736 2981 872 3043 genere
901 2981 1004 3026 suam
1036 2963 1245 3044 opinionem
1270 2965 1445 3030 muniant

311 3086 356 3133 ac
372 3069 557 3132 roborent.

401 3175 455 3238 Ex
472 3175 620 3239 historia
636 3175 673 3237 in
691 3172 844 3236 medium
863 3173 1053 3254 proferunt
1072 3179 1147 3238 tum
1172 3175 1332 3240 omnium
1351 3193 1442 3259 gen·

311 3281 398 3344 tium
429 3298 659 3359 consensum,
680 3277 778 3361 apud
806 3295 896 3360 quas
925 3295 1118 3362 personae,
1138 3279 1221 3344 loca
1237 3285 1274 3345 et
1305 3299 1366 3346 res
1382 3299 1441 3348 sa·

246 3436 248 3440 .
311 3403 397 3450 orae
417 3387 579 3467 pluribus
597 3385 886 3467 exemptionibus
900 3392 1052 3448 ornatae
1066 3391 1103 3448 et
1120 3385 1319 3468 insignitae
1338 3395 1441 3470 sunt,

311 3493 407 3574 quod
439 3493 606 3573 equidem
626 3509 771 3556 sensum
800 3491 992 3572 quemdam
1022 3492 1135 3574 ipsius
1159 3501 1315 3558 naturae
1332 3497 1443 3560 nobis

312 3597 462 3678 detegit,
483 3609 555 3661 turn
580 3601 691 3662 etiam
706 3597 912 3678 exemplum
930 3597 1072 3662 Veteris
1104 3597 1226 3682 Legis,
1245 3601 1283 3664 in
1300 3618 1376 3683 qua
1394 3604 1442 3666 si·

312 3703 413 3766 mitio
431 3703 626 3784 privilegia
643 3703 831 3784 vigebant,
851 3703 1019 3784 quamvis
1037 3703 1215 3784 eiusmodi
1231 3703 1310 3770 Lex
1327 3706 1444 3772 valde

311 3809 528 3889 imperfecta
547 3812 627 3871 crat
644 3813 770 3889 utpote
786 3807 914 3871 umbro
947 3813 1056 3890 etque
1089 3809 1206 3892 figure
1224 3809 1355 3876 Novae
1374 3811 1443 3878 Le·

314 3915 384 3998 gis,
399 3915 597 3979 sanctioris
614 3919 650 3978 et
667 3915 909 3996 perfectioris.

402 4020 457 4084 Ex
490 4021 677 4085 traditione
706 4021 756 4084 ita
783 4025 1096 4102 argumentantur,
1130 4027 1169 4086 ut
1198 4023 1324 4088 vorbis
1356 4029 1445 4091 utar

311 4124 505 4190 Francisci
523 4125 672 4190 Suarez:
703 4123 875 4205 “Quando
904 4125 1066 4190 Traditio
1099 4131 1156 4192 est
1185 4135 1363 4195 constans
1397 4151 1444 4198 ao

312 4238 506 4314 perpetua,
548 4230 740 4296 ostendere
779 4231 873 4296 solet
900 4231 961 4312 jus
1001 4231 1177 4316 divinum,
1219 4238 1444 4318 praesertim
