3038 4994
524 439 561 450 -
583 405 642 464 257
660 355 701 450 ¹-

76 547 229 612 iacultate
245 548 355 630 plene
380 552 416 612 et
429 549 594 614 absolute
608 549 755 630 gaudet,
775 567 818 613 ac
837 549 990 631 proinde
1007 551 1059 614 uti
1075 551 1177 615 valet

75 654 212 718 adhunc
226 672 378 737 scopum
397 654 631 719 obtinendum
650 656 814 720 omnibus
827 654 953 719 mediis
968 656 1012 720 de
1035 673 1074 720 se
1101 657 1175 721 ido·

15 735 19 858 f
75 761 147 842 nois,
165 779 258 844 quae
274 761 337 827 vel
365 761 573 826 immediate
589 762 651 826 vel
668 761 826 826 mediate
858 761 1031 844 possidet,
1066 767 1176 845 atque

15 865 17 920 ὲ
73 867 214 931 vicissim
232 868 310 949 ejus
329 867 493 931 membra
506 867 624 932 eidem
643 867 897 949 obtemperare
914 872 1095 933 tenentur.

15 1007 17 1038 t
144 972 196 1037 Ex
210 973 379 1056 praefato
389 975 472 1056 jure
486 973 670 1056 colligitur
684 965 887 1038 Ecclesiam
901 975 1018 1038 relate
1030 974 1067 1037 in
1082 973 1176 1038 hunc

15 1079 17 1122 ὲ
72 1078 161 1143 finem
177 1081 275 1144 ferre
293 1097 402 1162 posse
413 1081 514 1162 leges
533 1087 607 1144 tum
626 1081 868 1145 affirmativas
891 1099 954 1146 seu
972 1081 1176 1164 praecepti·

15 1249 16 1252 ,
72 1201 136 1266 ras,
154 1191 228 1250 tum
253 1187 447 1268 negativas
471 1187 793 1269 seuprohibitivas
822 1188 987 1252 omnibus
1011 1187 1175 1251 christia·

71 1292 205 1356 nissive
233 1294 406 1359 collectiva
437 1295 590 1376 sumptis
621 1294 817 1378 (statibus),
847 1294 926 1357 sive
950 1295 1177 1378 aicputoriter

15 1417 16 1468 3
70 1400 228 1478 spectatis
247 1398 453 1484 (fidelibus).
472 1397 601 1478 Quoad
617 1403 746 1480 status,
766 1401 978 1485 affirmative
994 1400 1177 1480 imperare

15 1521 16 1552 l
70 1511 98 1566 et
112 1522 239 1587 cogere
264 1511 386 1588 potest
403 1506 449 1570 ad
465 1493 570 1571 bella
589 1504 802 1586 (Cruciotoa)
823 1511 952 1570 contra
970 1506 1091 1570 hostes
1116 1523 1176 1569 ex-

70 1616 177 1675 ternos
200 1612 446 1695 suscipienda,
480 1617 519 1677 ut
546 1613 685 1676 factum
717 1617 772 1676 est
804 1617 933 1677 contra
960 1611 1175 1692 Saracenos,

70 1718 285 1799 quandonon
298 1719 403 1784 modo
428 1720 561 1800 injuste
578 1719 791 1784 detinebant
825 1719 909 1782 loca
938 1722 1067 1782 sancta
1096 1735 1178 1784 cum

69 1841 183 1906 magno
198 1825 379 1890 dedecore
392 1826 606 1908 populorum
622 1824 914 1906 christianorum,
924 1842 1053 1890 verum
1067 1826 1178 1890 etiam

69 1933 331 2014 occupationem
347 1932 537 2014 regionum
565 1931 839 2014 chistianorum,
858 1948 952 2013 quae
980 1931 1098 1996 adhuc
1126 1933 1177 1996 in·

69 2039 350 2116 columeserant,
383 2039 553 2104 continuo
586 2039 862 2120 minitabantur,
897 2043 1007 2120 atque
1034 2039 1178 2103 univer·

69 2160 131 2208 sam
148 2145 454 2210 christianitatem
479 2145 516 2209 in
547 2146 807 2228 gravissimum
839 2145 1040 2228 periculum
1069 2161 1178 2208 voca·

68 2249 324 2337 bant;aepatioa
348 2251 543 2334 probibere
572 2252 673 2316 valet
706 2252 962 2316 commercium
996 2267 1179 2314 armorum

69 2373 134 2422 cum
150 2358 235 2423 fidei
253 2357 458 2422 catholicae
475 2359 643 2440 inimicia,
663 2363 701 2423 ut
714 2360 847 2440 legitur
863 2359 900 2423 in
916 2359 1020 2423 titulo
1046 2359 1090 2423 de
1118 2358 1139 2423 J
1143 2377 1178 2422 u·

68 2462 153 2529 daeis
170 2469 208 2529 et
225 2463 432 2529 Saracenis.
452 2463 580 2544 Quoad
597 2465 734 2548 fideleS,
752 2467 961 2553 affirmative
975 2466 1104 2547 jubere
1136 2482 1179 2530 ac

68 2567 242 2652 imponere
259 2576 381 2653 potest
392 2571 568 2654 subsidia,
586 2572 726 2636 tributa
751 2579 787 2637 et
801 2572 1067 2656 praestationes
1093 2572 1180 2636 obli·

67 2678 231 2757 gaterias;
246 2678 402 2763 nepetino
419 2681 540 2743 autem
554 2683 682 2743 vetare
717 2679 817 2762 queit
848 2679 1069 2761 christianis,
1087 2681 1181 2744 sicut

67 2785 275 2866 nationibus,
296 2803 478 2850 armorum
493 2787 748 2851 commercium
762 2786 807 2850 ob
842 2786 986 2868 damna,
1002 2805 1097 2871 quae
1128 2788 1179 2852 in-

67 2892 195 2956 terdum
214 2896 371 2956 cunctae
389 2892 647 2957 christianitati
665 2909 865 2982 exsurgere
882 2900 1043 2974 possent.

142 3000 220 3064 150.
269 2997 417 3079 Quodsi
434 2999 521 3064 ordo
541 3001 711 3084 politicus
743 3001 941 3082 spectetur,
970 3000 1180 3082 negligente

66 3105 116 3169 val
131 3107 324 3171 deficiente
341 3107 560 3170 auctoritate
579 3107 694 3189 civili,
713 3105 903 3170 Ecclesiae
921 3096 1100 3188 competit¹
1120 3107 1180 3187 Jus

66 3209 193 3295 imperii
209 3210 246 3275 in
266 3211 537 3295 temporalibus,
551 3229 646 3295 quae
663 3212 874 3277 necessaria
888 3215 971 3276 sunt
987 3229 1054 3294 pro
1065 3211 1181 3276 tutela

66 3321 95 3378 et
109 3319 389 3382 conservatione
406 3319 593 3382 societatis
609 3318 848 3400 christianae,
868 3317 954 3400 quia
985 3321 1072 3381 tunc
1100 3335 1180 3400 pro·

65 3428 136 3502 pter
151 3425 373 3506 socordiam,
391 3425 642 3507 impotentiam
661 3426 721 3490 vel
751 3425 998 3490 deficientiam
1025 3425 1181 3489 auctori-

64 3531 138 3595 tatis
177 3531 349 3613 publicae
387 3530 577 3596 Ecclesiae
609 3531 819 3596 devolvitur
851 3535 1014 3614 potestas
1046 3531 1181 3614 populo

64 3635 253 3702 christiano
272 3637 512 3720 advigilandi,
527 3638 678 3720 ejusque
692 3638 779 3719 jnra
810 3636 947 3717 tuendi;
968 3653 1058 3734 gens
1086 3639 1182 3703 enim

64 3757 119 3805 seu
134 3743 293 3808 societas
312 3742 513 3808 christiana
529 3744 595 3808 abs
628 3743 736 3809 dubio
773 3745 830 3827 J'us
857 3744 969 3810 habet
1000 3744 1048 3808 ad
1079 3761 1182 3808 suam

64 3849 285 3915 existentiam
304 3855 342 3915 et
370 3850 670 3934 incolumitatem;
690 3855 729 3916 at
744 3851 774 3916 si
802 3852 1005 3916 auctoritas
1034 3849 1182 3914 socialis

64 3953 216 4020 subditos
233 3955 452 4021 christianos
469 3957 582 4022 tutari
594 3975 667 4022 non
681 3957 840 4022 sufficiat
856 3957 918 4023 vel
933 3955 1183 4020 defensionem

65 4059 191 4126 ordinis
207 4061 346 4146 publici
378 4063 612 4146 culpabiliter
644 4063 805 4146 deserat,
833 4061 1022 4129 Ecclesiae
1058 4060 1183 4142 utiquo

65 4163 231 4234 incumbit
247 4167 471 4236 christianae
488 4169 606 4253 plebis
638 4171 803 4254 regimen
840 4167 1053 4236 devolutive
1083 4183 1182 4230 assu·

65 4287 167 4356 mere,
182 4293 226 4342 ac
241 4277 499 4360 imperantium
512 4276 811 4344 insufficientiam
827 4277 890 4344 vel
915 4273 1104 4360 ignaviam
1116 4289 1184 4357 per

66 4391 100 4442 ce
114 4381 298 4465 supplere.
1061 4399 1094 4454 17
