3028 4992
796 406 975 463 -358-

324 551 638 632 organizationem
655 547 776 614 Status
802 553 942 612 tantum
972 548 1238 631 complectitur:
1266 547 1350 614 hinc
1381 551 1447 614 sub

323 657 411 721 Jure
428 655 706 721 Internationali
723 655 871 720 Publica
890 655 1025 720 cadunt
1044 661 1119 719 tum
1147 655 1314 737 imperia,
1332 674 1445 738 regna

324 763 385 826 vel
403 763 638 844 reipublicae,
658 769 733 825 tum
766 761 1013 842 monarchiae,
1050 761 1286 844 eligarchiae,
1320 765 1442 826 aristo-

324 870 477 949 cratiae,
507 869 753 933 democratiae
783 869 843 931 vel
876 867 1128 950 quodcumque
1157 867 1257 932 aliud
1287 869 1444 950 regimen
1505 949 1506 954 ἵ

327 977 490 1040 mixtum.
868 1033 872 1042 .

414 1081 536 1146 Solum
554 1081 688 1161 Status,
703 1081 764 1162 qui
778 1080 871 1144 hanc
885 1079 1227 1162 denominationem,
1242 1081 1349 1162 juxta
1366 1097 1441 1144 con·

325 1195 470 1272 ceptum
485 1190 621 1253 realem
639 1206 683 1250 ac
700 1187 890 1250 formalem
908 1187 1013 1268 hujus
1040 1188 1142 1252 vocis
1159 1195 1287 1270 postea
1305 1187 1441 1251 traden-

325 1296 422 1376 dum,
437 1313 524 1359 vere
542 1313 586 1358 ac
603 1295 749 1375 proprie
768 1301 964 1374 merentur,
980 1293 1184 1374 subJectum
1203 1311 1284 1357 esse
1297 1297 1444 1375 possunt

324 1401 346 1466 J
349 1403 422 1466 uris
436 1401 743 1466 Internationalis:
759 1400 842 1464 hinc
860 1399 1004 1463 excludi
1020 1400 1152 1464 debent
1169 1401 1326 1464 societas
1345 1399 1442 1463 iami-

325 1509 439 1587 liaris,
459 1509 667 1588 municipia,
687 1513 888 1570 conventus
907 1507 1166 1588 provinciales,
1187 1513 1312 1571 coetus
1331 1507 1440 1589 regio·

324 1615 501 1680 nalesvcl
530 1614 713 1696 quaelibet
742 1613 837 1676 aliae
869 1611 1137 1677 adsectationes
1154 1613 1441 1692 subalternatae,

326 1738 552 1804 quocumque
570 1721 714 1784 nomine
732 1727 921 1784 vocentur.

416 1827 566 1889 Demum
584 1826 717 1906 Status,
752 1831 790 1888 ut
820 1827 980 1908 spectari
1012 1826 1165 1890 valeant
1191 1843 1256 1890 ceu
1289 1826 1444 1889 membra

326 1932 512 1996 societatis
530 1933 835 2011 internetionalis,
855 1949 899 1995 ac
917 1931 1069 2013 proinde
1088 1931 1168 1994 Juri
1185 1933 1342 2014 positivo
1357 1930 1440 1996 Gen·

325 2033 413 2102 tiiiin
431 2039 657 2118 subjaceant,
687 2055 875 2101 necessum
894 2043 951 2100 est
986 2037 1230 2100 conditionem
1261 2037 1443 2100 civilitatis

326 2145 562 2226 adimpleant:
593 2144 677 2207 hinc
708 2143 774 2208 sub
818 2151 968 2224 aspectu
1000 2141 1441 2225 juridico-internetionali

326 2251 387 2315 vel
421 2251 525 2314 totali
556 2251 616 2314 vel
644 2251 775 2313 saltem
809 2250 992 2330 completa
1027 2250 1292 2332 personalitate
1324 2256 1442 2313 carent

326 2363 455 2438 gentes
472 2357 643 2435 incultae,
664 2357 830 2420 nationes
847 2355 1039 2436 barbarae,
1059 2356 1172 2420 tribus
1191 2355 1372 2419 nomadae
1387 2353 1441 2418 vel

326 2464 452 2546 populi
469 2463 682 2544 sylvestres.

415 2571 470 2633 29.
518 2571 637 2650 Natio,
655 2567 685 2632 si
704 2567 800 2632 vocis
825 2575 973 2649 etymon
986 2571 1146 2650 spectes,
1166 2586 1188 2631 a
1205 2569 1320 2632 verbo
1336 2566 1439 2631 latino

326 2697 452 2742 aaacor
465 2677 603 2756 (nacor)
620 2676 795 2756 procedit,
811 2675 965 2756 ideoque
983 2675 1200 2738 relationem
1223 2675 1372 2756 originis
1387 2671 1439 2737 vel

327 2782 446 2845 ideam
464 2783 661 2845 communis
679 2783 882 2845 nativitatis
901 2783 936 2844 in
956 2788 1110 2846 mentem
1129 2787 1273 2860 evocat:
1293 2781 1439 2844 sinvcro

327 2907 404 2954 rem
428 2889 572 2952 nomine
603 2891 846 2970 significatam
877 2887 1059 2968 attendas,
1092 2895 1192 2950 recte
1218 2885 1289 2950 dici
1317 2885 1438 2967 potest:

326 2995 481 3061 Societas
502 3015 733 3078 personarum
778 3016 863 3078 qaae
907 2995 1045 3059 vincalo
1089 2994 1222 3077 stirpis,
1263 2989 1439 3068 idiomatis,

327 3123 463 3180 acuam,
492 3103 729 3180 traditionum,
757 3101 936 3186 relipioaie
968 3101 1092 3165 aliisae
1123 3095 1437 3164 commentaremu-

326 3209 519 3272 racteribas
537 3209 801 3291 conjaapaatar,
817 3215 918 3290 atque
936 3209 1109 3291 repioaem
1123 3206 1379 3270 determinatam
1391 3199 1440 3264 ael

328 3317 466 3380 diuersa
484 3315 661 3379 territoria
680 3315 842 3379 obtineat.

418 3421 471 3484 Ex
485 3421 599 3486 allata
611 3420 821 3484 definitione
832 3421 903 3483 tria
918 3421 1099 3484 elementa
1111 3419 1339 3500 colliguntur,
1354 3430 1439 3497 quae

328 3526 375 3590 ad
418 3526 708 3592 constituendam
740 3527 924 3590 nationem
960 3527 1168 3590 necessario
1203 3527 1438 3607 requiruntur,

327 3634 511 3698 videlicet:
531 3633 746 3715 aggrupatio
764 3633 959 3712 hominum,
979 3633 1181 3696 communio
1201 3630 1360 3713 originis,
1378 3627 1436 3690 lin·

328 3758 434 3822 guae,
465 3741 651 3810 habituum
670 3745 971 3821 caeterarumque
990 3739 1248 3820 conditionum,
1264 3745 1368 3817 atque
1384 3749 1438 3796 ex·

328 3849 445 3911 tensio
457 3846 700 3925 territorielis,
716 3846 795 3910 sive
810 3847 987 3926 ejusmodi
1002 3847 1167 3910 extensio
1177 3847 1215 3910 in
1229 3863 1298 3912 uno
1312 3848 1438 3907 tantum

328 3954 512 4017 territorio
541 3953 611 4016 sita
643 3952 690 4014 sit
719 3952 823 4016 unico
854 3953 1005 4033 imperio
1025 3953 1247 4032 (suberanla)
1273 3951 1436 4030 subjecte,

328 4058 408 4123 sive
425 4059 508 4122 talis
524 4058 688 4124 extensio
707 4075 772 4140 per
790 4057 938 4121 diversa
958 4059 1155 4124 territoria
1180 4059 1370 4122 distinctae
1385 4051 1436 4115 do·

329 4164 518 4228 minationi
546 4166 606 4228 vel
639 4164 793 4228 diversis
822 4163 975 4228 Summis
1006 4163 1275 4248 Imperantibus
1292 4159 1440 4228 obnoxia

329 4269 582 4352 constituatur;
601 4269 778 4352 siquidem
810 4269 946 4352 optime
964 4277 1000 4334 et
1018 4288 1099 4336 esso
1118 4277 1154 4336 et
1172 4271 1314 4353 concipi
1331 4269 1439 4352 potest
