3226 4994
1219 383 1268 428 vn

184 517 390 616 competit
409 521 598 612 potestas
633 509 798 592 directe
816 516 872 590 ad
900 514 1026 591 finem
1046 516 1311 615 spiritualem

182 643 334 716 mediis
372 633 556 716 internis
591 647 633 714 et
652 640 985 738 proportionatis
1017 640 1307 736 obtinendum,

183 767 293 840 sicut
318 765 363 839 in
383 763 509 838 Parte
528 762 683 856 Prima,
726 784 849 861 capp.
890 762 910 836 1
947 771 989 838 et
1009 763 1051 838 II
1071 764 1123 839 de
1145 757 1311 840 Distin-

183 882 320 965 ctione
330 886 546 963 Ecclesiae
564 895 606 961 et
618 886 835 963 Potestate
848 876 1054 963 Olericali
1072 895 1115 962 et
1131 880 1310 966 Hieran·

185 1004 305 1089 elica
323 1012 368 1086 in
388 1011 526 1109 prima
563 1010 688 1105 hujus
709 1011 826 1085 vocis
854 1011 1113 1108 acceptione,
1138 1031 1307 1108 nempe,

185 1143 406 1234 tamquam
426 1155 555 1212 sacru
592 1142 810 1232 usurpata,
834 1135 1092 1210 dictumest:
1133 1134 1211 1208 sub
1232 1135 1312 1210 hoc

184 1267 380 1357 respectu
416 1258 691 1356 septemium
711 1258 856 1351 habet,
880 1277 988 1355 quae
1018 1259 1063 1332 in
1100 1252 1252 1354 Oapite
1271 1257 1312 1332 II

186 1390 465 1480 exponentur.

291 1505 471 1581 Ratione
491 1499 686 1582 internae
719 1497 1040 1582 constitutionis
1061 1526 1115 1579 ex
1133 1497 1310 1580 necessi·

186 1633 270 1704 tute
287 1628 383 1702 finis
402 1628 638 1725 pendentis,
661 1627 852 1703 Ecclesia
889 1636 954 1704 est
991 1627 1174 1703 societas
1195 1621 1311 1704 inue-

187 1745 346 1854 quulie,
369 1744 551 1828 visibilis
573 1761 701 1850 atque
721 1757 909 1846 enternu,
929 1752 996 1826 cui
1017 1751 1219 1848 competit
1239 1771 1311 1848 po·

186 1883 318 1950 testas
351 1870 484 1978 plenu
516 1883 559 1951 et
589 1869 783 1953 absolute
811 1876 866 1950 ad
896 1875 1138 1950 adhibenda
1172 1876 1313 1949 omnia
1420 1913 1427 1918 -
1506 1951 1510 1958 ,

185 2000 326 2075 media
340 2005 515 2076 externa
534 1999 608 2074 fini
619 2021 694 2075 suo
707 1999 1043 2097 proportionata,
1062 1999 1198 2074 veluti
1218 2019 1311 2096 pro·

185 2125 334 2200 batum
363 2131 427 2198 est
455 2123 499 2196 in
518 2123 644 2198 Parte
665 2123 821 2216 Prima,
844 2143 969 2222 capp.
998 2123 1019 2198 1
1040 2130 1082 2198 et
1101 2121 1142 2196 11
1163 2123 1214 2196 de
1235 2114 1312 2196 Di·

185 2240 410 2324 clinatione
419 2245 635 2322 Ecclesiae
645 2254 689 2322 et
699 2247 917 2322 Potestate
927 2239 1065 2322 Plena
1080 2255 1121 2320 et
1132 2238 1311 2320 Hieran·

186 2362 306 2446 elica
321 2369 447 2465 juxta
466 2371 694 2445 secundam
730 2371 855 2466 hujus
885 2371 1083 2446 vocabuli
1103 2369 1311 2466 acceptio·

185 2515 296 2584 nem,
326 2494 370 2568 id
408 2502 485 2586 est,
526 2495 571 2569 in
607 2515 733 2570 sensu
771 2487 1012 2571 ordinatae:
1048 2495 1110 2568 ita
1143 2503 1313 2590 sumpta

184 2619 378 2696 Potestas
397 2619 612 2694 Ecclesiae
632 2620 727 2693 aliis
747 2629 909 2717 septem
943 2619 1109 2715 Juribus
1132 2620 1308 2717 potitur,

186 2763 365 2840 quorum
383 2745 571 2819 recensio
592 2751 634 2818 et
654 2743 883 2841 explicatio
922 2739 1060 2839 Caput
1088 2743 1151 2816 ΙΙΙ
1171 2743 1307 2818 deter·
1356 2727 1362 2739 ’

188 2867 380 2943 minabit.

293 2989 486 3088 Denique
505 2991 670 3065 ratione
707 2983 876 3066 ordinis
911 3011 966 3065 ex
1002 2982 1306 3091 superioritute

186 3113 283 3189 finis
308 3115 446 3189 ultimi
481 3123 523 3190 et
556 3114 741 3212 supremi
779 3115 1017 3211 pendentia,
1039 3113 1230 3189 Ecclesia
1249 3119 1313 3188 est

187 3239 369 3326 societas
407 3230 562 3340 major,
586 3231 774 3314 nobilior
804 3246 933 3335 atque
960 3230 1158 3340 superior
1190 3235 1314 3312 Statu

188 3362 318 3455 civili,
344 3363 564 3460 eidemque
584 3383 633 3437 eo
653 3364 746 3459 ipso
767 3363 970 3458 competit
987 3371 1176 3459 potestas
1197 3353 1311 3436 indi-

186 3491 315 3578 recto,
335 3488 397 3560 uti
416 3486 562 3561 videre
582 3492 645 3560 est
673 3486 717 3559 in
736 3485 863 3560 Parte
897 3485 1053 3578 Prima,
1076 3506 1200 3582 capp.
1225 3484 1245 3557 I
1267 3493 1309 3558 et

185 3609 242 3700 Π,
265 3631 360 3685 cum
379 3610 431 3684 de
450 3600 766 3711 Superioritute
783 3609 999 3683 Ecclesiae
1033 3619 1076 3684 et
1094 3609 1311 3684 Potestate

184 3725 382 3810 Electivu
400 3741 530 3830 atque
562 3725 840 3810 Monarchieu
858 3741 1003 3809 actum
1022 3742 1101 3829 est;
1124 3734 1223 3829 quia
1245 3753 1313 3807 so-

186 3855 251 3932 lus
270 3857 343 3932 ille
363 3858 436 3955 qui
457 3866 712 3954 potestatem
749 3857 1057 3952 jurisdictionis
1077 3879 1154 3955 per
1172 3857 1312 3953 legiti-

186 4001 299 4056 mam
319 3981 561 4056 missionem
594 3983 859 4078 adquisierit,
893 3983 1313 4077 communionemque

185 4103 285 4179 fidei
305 4114 347 4180 et
368 4105 591 4180 charitatis
631 4127 726 4180 cum
763 4103 966 4202 Supremo
995 4105 1231 4181 Hierarcha
1263 4127 1314 4180 ac

185 4226 356 4304 Visibili
371 4227 588 4304 Ecclesiae
605 4225 755 4327 Capite
772 4230 1024 4323 servaverit,
1043 4231 1097 4304 ad
1111 4229 1237 4304 finem
1253 4230 1312 4304 ul-
