<?xml version="1.0" encoding="UTF-8"?>
<!DOCTYPE html PUBLIC "-//W3C//DTD XHTML 1.0 Transitional//EN"
    "http://www.w3.org/TR/xhtml1/DTD/xhtml1-transitional.dtd">
<html xmlns="http://www.w3.org/1999/xhtml" xml:lang="en" lang="en">
 <head>
  <title>
</title>
<meta http-equiv="Content-Type" content="text/html;charset=utf-8" />
  <meta name='ocr-system' content='tesseract 3.04.00' />
  <meta name='ocr-capabilities' content='ocr_page ocr_carea ocr_par ocr_line ocrx_word'/>
</head>
<body>
  <div class='ocr_page' id='page_1' title='image "./juspublicumeccl00ferngoog_0096.png"; bbox 0 0 3096 4986; ppageno 0'>
   <div class='ocr_carea' id='block_1_1' title="bbox 566 375 842 452">
    <p class='ocr_par' dir='ltr' id='par_1_1' title="bbox 566 375 842 452">
     <span class='ocr_line' id='line_1_1' title="bbox 566 375 842 452; baseline -0.007 0"><span class='ocrx_word' id='word_1_1' title='bbox 566 391 725 452; x_wconf 80' lang='lat' dir='ltr'><strong>-ci-</strong></span> <span class='ocrx_word' id='word_1_2' title='bbox 831 375 842 394; x_wconf 87' lang='lat'>&#39;</span> 
     </span>
    </p>
   </div>
   <div class='ocr_carea' id='block_1_2' title="bbox 98 535 1208 2534">
    <p class='ocr_par' dir='ltr' id='par_1_2' title="bbox 98 535 1206 1365">
     <span class='ocr_line' id='line_1_2' title="bbox 175 535 1205 620; baseline -0.002 -18"><span class='ocrx_word' id='word_1_3' title='bbox 175 535 225 602; x_wconf 79' lang='grc'><strong>60.</strong></span> <span class='ocrx_word' id='word_1_4' title='bbox 273 535 377 618; x_wconf 80' lang='lat' dir='ltr'><strong>Quod</strong></span> <span class='ocrx_word' id='word_1_5' title='bbox 407 536 563 619; x_wconf 88' lang='lat' dir='ltr'><strong>deniqne</strong></span> <span class='ocrx_word' id='word_1_6' title='bbox 581 535 630 600; x_wconf 88' lang='lat' dir='ltr'><strong>ad</strong></span> <span class='ocrx_word' id='word_1_7' title='bbox 657 535 802 600; x_wconf 88' lang='lat' dir='ltr'><strong>scholas</strong></span> <span class='ocrx_word' id='word_1_8' title='bbox 828 537 1027 620; x_wconf 74' lang='lat' dir='ltr'><strong><em>superiores</em></strong></span> <span class='ocrx_word' id='word_1_9' title='bbox 1060 536 1205 618; x_wconf 82' lang='lat' dir='ltr'><strong>attinet,</strong></span> 
     </span>
     <span class='ocr_line' id='line_1_3' title="bbox 100 639 1203 726; baseline -0.001 -19"><span class='ocrx_word' id='word_1_10' title='bbox 100 639 248 708; x_wconf 75' lang='lat' dir='ltr'><strong>Ecclesia</strong></span> <span class='ocrx_word' id='word_1_11' title='bbox 263 644 300 709; x_wconf 92' lang='lat' dir='ltr'><strong>in</strong></span> <span class='ocrx_word' id='word_1_12' title='bbox 318 644 443 726; x_wconf 81' lang='lat' dir='ltr'><strong>Lyceo</strong></span> <span class='ocrx_word' id='word_1_13' title='bbox 459 655 496 707; x_wconf 87' lang='lat' dir='ltr'><strong>et</strong></span> <span class='ocrx_word' id='word_1_14' title='bbox 513 642 783 708; x_wconf 82' lang='lat' dir='ltr'><strong>Universltates</strong></span> <span class='ocrx_word' id='word_1_15' title='bbox 799 659 865 725; x_wconf 93' lang='lat' dir='ltr'><strong>pro</strong></span> <span class='ocrx_word' id='word_1_16' title='bbox 891 641 1078 706; x_wconf 77' lang='lat' dir='ltr'><strong>tradendis</strong></span> <span class='ocrx_word' id='word_1_17' title='bbox 1094 659 1203 724; x_wconf 85' lang='lat' dir='ltr'><strong>gene·</strong></span> 
     </span>
     <span class='ocr_line' id='line_1_4' title="bbox 99 748 1206 832; baseline 0.002 -21"><span class='ocrx_word' id='word_1_18' title='bbox 99 749 220 814; x_wconf 79' lang='lat' dir='ltr'><strong>talibus</strong></span> <span class='ocrx_word' id='word_1_19' title='bbox 236 751 365 814; x_wconf 88' lang='lat' dir='ltr'><strong>studiis</strong></span> <span class='ocrx_word' id='word_1_20' title='bbox 383 749 555 814; x_wconf 85' lang='lat' dir='ltr'><strong>fundatas</strong></span> <span class='ocrx_word' id='word_1_21' title='bbox 572 767 716 832; x_wconf 88' lang='lat' dir='ltr'><strong>semper</strong></span> <span class='ocrx_word' id='word_1_22' title='bbox 734 753 770 814; x_wconf 91' lang='lat' dir='ltr'><strong>et</strong></span> <span class='ocrx_word' id='word_1_23' title='bbox 788 749 873 813; x_wconf 87' lang='lat' dir='ltr'><strong>totis</strong></span> <span class='ocrx_word' id='word_1_24' title='bbox 888 748 1027 814; x_wconf 89' lang='lat' dir='ltr'><strong>viribus</strong></span> <span class='ocrx_word' id='word_1_25' title='bbox 1046 749 1206 826; x_wconf 89' lang='lat' dir='ltr'><strong>retinuit,</strong></span> 
     </span>
     <span class='ocr_line' id='line_1_5' title="bbox 99 855 1205 938; baseline 0 -20"><span class='ocrx_word' id='word_1_26' title='bbox 99 855 435 921; x_wconf 83' lang='lat' dir='ltr'><strong>acsibivindicavit</strong></span> <span class='ocrx_word' id='word_1_27' title='bbox 462 873 564 920; x_wconf 87' lang='lat' dir='ltr'><strong>suam</strong></span> <span class='ocrx_word' id='word_1_28' title='bbox 597 855 798 938; x_wconf 80' lang='lat' dir='ltr'><strong>legitimam</strong></span> <span class='ocrx_word' id='word_1_29' title='bbox 830 855 1137 920; x_wconf 79' lang='lat' dir='ltr'><strong>interventionem</strong></span> <span class='ocrx_word' id='word_1_30' title='bbox 1168 863 1205 919; x_wconf 88' lang='lat' dir='ltr'><strong>et</strong></span> 
     </span>
     <span class='ocr_line' id='line_1_6' title="bbox 99 959 1205 1045; baseline 0.001 -21"><span class='ocrx_word' id='word_1_31' title='bbox 99 962 264 1028; x_wconf 84' lang='lat' dir='ltr'><strong>assiduam</strong></span> <span class='ocrx_word' id='word_1_32' title='bbox 280 963 470 1045; x_wconf 89' lang='lat' dir='ltr'><strong>religionis</strong></span> <span class='ocrx_word' id='word_1_33' title='bbox 486 978 612 1028; x_wconf 88' lang='lat' dir='ltr'><strong>curam</strong></span> <span class='ocrx_word' id='word_1_34' title='bbox 640 962 768 1028; x_wconf 86' lang='lat' dir='ltr'><strong>nativo</strong></span> <span class='ocrx_word' id='word_1_35' title='bbox 797 963 880 1043; x_wconf 87' lang='lat' dir='ltr'><strong>jnre</strong></span> <span class='ocrx_word' id='word_1_36' title='bbox 910 979 976 1044; x_wconf 86' lang='lat' dir='ltr'><strong>per</strong></span> <span class='ocrx_word' id='word_1_37' title='bbox 1004 959 1205 1044; x_wconf 86' lang='lat' dir='ltr'><strong>Episcopos</strong></span> 
     </span>
     <span class='ocr_line' id='line_1_7' title="bbox 99 1068 1203 1152; baseline 0.002 -22"><span class='ocrx_word' id='word_1_38' title='bbox 99 1069 337 1150; x_wconf 86' lang='lat' dir='ltr'><strong>exercendam,</strong></span> <span class='ocrx_word' id='word_1_39' title='bbox 357 1069 419 1152; x_wconf 89' lang='lat' dir='ltr'><strong>qui</strong></span> <span class='ocrx_word' id='word_1_40' title='bbox 435 1069 602 1151; x_wconf 81' lang='lat' dir='ltr'><strong>integrae</strong></span> <span class='ocrx_word' id='word_1_41' title='bbox 620 1068 703 1133; x_wconf 86' lang='lat' dir='ltr'><strong>fidei</strong></span> <span class='ocrx_word' id='word_1_42' title='bbox 715 1068 931 1150; x_wconf 76' lang='lat' dir='ltr'><strong>professioni</strong></span> <span class='ocrx_word' id='word_1_43' title='bbox 945 1073 982 1132; x_wconf 91' lang='lat' dir='ltr'><strong>et</strong></span> <span class='ocrx_word' id='word_1_44' title='bbox 994 1077 1119 1132; x_wconf 87' lang='lat' dir='ltr'><strong>rectae</strong></span> <span class='ocrx_word' id='word_1_45' title='bbox 1133 1085 1203 1132; x_wconf 92' lang='lat' dir='ltr'><strong>mo·</strong></span> 
     </span>
     <span class='ocr_line' id='line_1_8' title="bbox 98 1175 1204 1259; baseline 0.002 -21"><span class='ocrx_word' id='word_1_46' title='bbox 98 1191 167 1240; x_wconf 87' lang='lat' dir='ltr'><strong>rum</strong></span> <span class='ocrx_word' id='word_1_47' title='bbox 181 1175 357 1241; x_wconf 87' lang='lat' dir='ltr'><strong>honestati</strong></span> <span class='ocrx_word' id='word_1_48' title='bbox 375 1193 442 1259; x_wconf 90' lang='lat' dir='ltr'><strong>pro</strong></span> <span class='ocrx_word' id='word_1_49' title='bbox 458 1193 523 1240; x_wconf 90' lang='lat' dir='ltr'><strong>suo</strong></span> <span class='ocrx_word' id='word_1_50' title='bbox 541 1192 690 1240; x_wconf 88' lang='lat' dir='ltr'><strong>munere</strong></span> <span class='ocrx_word' id='word_1_51' title='bbox 709 1175 882 1240; x_wconf 85' lang='lat' dir='ltr'><strong>divinitus</strong></span> <span class='ocrx_word' id='word_1_52' title='bbox 907 1175 1099 1240; x_wconf 88' lang='lat' dir='ltr'><strong>commisso</strong></span> <span class='ocrx_word' id='word_1_53' title='bbox 1114 1175 1204 1240; x_wconf 86' lang='lat' dir='ltr'><strong>invi-</strong></span> 
     </span>
     <span class='ocr_line' id='line_1_9' title="bbox 99 1280 624 1365; baseline 0 -20"><span class='ocrx_word' id='word_1_54' title='bbox 99 1280 201 1360; x_wconf 84' lang='lat' dir='ltr'><strong>gilare</strong></span> <span class='ocrx_word' id='word_1_55' title='bbox 216 1299 400 1365; x_wconf 85' lang='lat' dir='ltr'><strong>nunquam</strong></span> <span class='ocrx_word' id='word_1_56' title='bbox 419 1285 624 1348; x_wconf 87' lang='lat' dir='ltr'><strong>cessarunt.</strong></span> 
     </span>
    </p>

    <p class='ocr_par' dir='ltr' id='par_1_3' title="bbox 99 1385 1208 2534">
     <span class='ocr_line' id='line_1_10' title="bbox 177 1385 1207 1471; baseline -0.001 -20"><span class='ocrx_word' id='word_1_57' title='bbox 177 1385 217 1451; x_wconf 85' lang='lat' dir='ltr'><strong>Et</strong></span> <span class='ocrx_word' id='word_1_58' title='bbox 232 1405 271 1452; x_wconf 86' lang='lat' dir='ltr'><strong>re</strong></span> <span class='ocrx_word' id='word_1_59' title='bbox 287 1387 435 1471; x_wconf 91' lang='lat' dir='ltr'><strong>quidem</strong></span> <span class='ocrx_word' id='word_1_60' title='bbox 452 1405 556 1470; x_wconf 86' lang='lat' dir='ltr'><strong>vera,</strong></span> <span class='ocrx_word' id='word_1_61' title='bbox 576 1403 657 1452; x_wconf 93' lang='lat' dir='ltr'><strong>cnm</strong></span> <span class='ocrx_word' id='word_1_62' title='bbox 671 1387 749 1452; x_wconf 85' lang='lat' dir='ltr'><strong>lere</strong></span> <span class='ocrx_word' id='word_1_63' title='bbox 781 1403 905 1452; x_wconf 88' lang='lat' dir='ltr'><strong>omnes</strong></span> <span class='ocrx_word' id='word_1_64' title='bbox 936 1385 1207 1452; x_wconf 87' lang='lat' dir='ltr'><strong>Universltates</strong></span> 
     </span>
     <span class='ocr_line' id='line_1_11' title="bbox 101 1491 1205 1575; baseline 0.002 -21"><span class='ocrx_word' id='word_1_65' title='bbox 101 1493 140 1555; x_wconf 86' lang='lat' dir='ltr'><strong>ab</strong></span> <span class='ocrx_word' id='word_1_66' title='bbox 151 1491 308 1559; x_wconf 80' lang='lat' dir='ltr'><strong>Ecclesia</strong></span> <span class='ocrx_word' id='word_1_67' title='bbox 325 1501 474 1558; x_wconf 86' lang='lat' dir='ltr'><strong>creatae</strong></span> <span class='ocrx_word' id='word_1_68' title='bbox 492 1495 553 1559; x_wconf 88' lang='lat' dir='ltr'><strong>vel</strong></span> <span class='ocrx_word' id='word_1_69' title='bbox 586 1499 818 1558; x_wconf 86' lang='lat' dir='ltr'><strong>restauratae</strong></span> <span class='ocrx_word' id='word_1_70' title='bbox 834 1496 920 1570; x_wconf 89' lang='lat' dir='ltr'><strong>sint,</strong></span> <span class='ocrx_word' id='word_1_71' title='bbox 938 1493 1093 1575; x_wconf 90' lang='lat' dir='ltr'><strong>ideoque</strong></span> <span class='ocrx_word' id='word_1_72' title='bbox 1125 1510 1205 1575; x_wconf 90' lang='lat' dir='ltr'><strong>pro·</strong></span> 
     </span>
     <span class='ocr_line' id='line_1_12' title="bbox 99 1597 1204 1683; baseline 0 -21"><span class='ocrx_word' id='word_1_73' title='bbox 99 1603 170 1679; x_wconf 87' lang='lat' dir='ltr'><strong>pter</strong></span> <span class='ocrx_word' id='word_1_74' title='bbox 184 1617 281 1664; x_wconf 88' lang='lat' dir='ltr'><strong>snam</strong></span> <span class='ocrx_word' id='word_1_75' title='bbox 295 1601 585 1666; x_wconf 89' lang='lat' dir='ltr'><strong>ecclesiasticam</strong></span> <span class='ocrx_word' id='word_1_76' title='bbox 600 1601 776 1682; x_wconf 79' lang='lat' dir='ltr'><strong>originem</strong></span> <span class='ocrx_word' id='word_1_77' title='bbox 790 1597 1009 1683; x_wconf 78' lang='lat' dir='ltr'><strong>Apostolicae</strong></span> <span class='ocrx_word' id='word_1_78' title='bbox 1021 1599 1204 1664; x_wconf 85' lang='lat' dir='ltr'><strong>nominen-</strong></span> 
     </span>
     <span class='ocr_line' id='line_1_13' title="bbox 99 1705 1205 1790; baseline 0.004 -24"><span class='ocrx_word' id='word_1_79' title='bbox 99 1713 161 1787; x_wconf 88' lang='lat' dir='ltr'><strong>tur,</strong></span> <span class='ocrx_word' id='word_1_80' title='bbox 177 1705 286 1772; x_wconf 87' lang='lat' dir='ltr'><strong>donec</strong></span> <span class='ocrx_word' id='word_1_81' title='bbox 295 1707 474 1789; x_wconf 88' lang='lat' dir='ltr'><strong>ejusmodi</strong></span> <span class='ocrx_word' id='word_1_82' title='bbox 491 1707 681 1790; x_wconf 84' lang='lat' dir='ltr'><strong>generalia</strong></span> <span class='ocrx_word' id='word_1_83' title='bbox 694 1707 801 1788; x_wconf 83' lang='lat' dir='ltr'><strong>lycea</strong></span> <span class='ocrx_word' id='word_1_84' title='bbox 813 1706 1003 1770; x_wconf 79' lang='lat' dir='ltr'><strong>Pontificio</strong></span> <span class='ocrx_word' id='word_1_85' title='bbox 1017 1707 1205 1788; x_wconf 84' lang='lat' dir='ltr'><strong>exstitere,</strong></span> 
     </span>
     <span class='ocr_line' id='line_1_14' title="bbox 100 1813 1203 1896; baseline 0.003 -22"><span class='ocrx_word' id='word_1_86' title='bbox 100 1815 196 1896; x_wconf 86' lang='lat' dir='ltr'><strong>atque</strong></span> <span class='ocrx_word' id='word_1_87' title='bbox 209 1815 244 1878; x_wconf 92' lang='lat' dir='ltr'><strong>in</strong></span> <span class='ocrx_word' id='word_1_88' title='bbox 259 1814 389 1879; x_wconf 87' lang='lat' dir='ltr'><strong>iisdem</strong></span> <span class='ocrx_word' id='word_1_89' title='bbox 403 1815 563 1879; x_wconf 89' lang='lat' dir='ltr'><strong>traditae</strong></span> <span class='ocrx_word' id='word_1_90' title='bbox 588 1820 671 1878; x_wconf 88' lang='lat' dir='ltr'><strong>sunt</strong></span> <span class='ocrx_word' id='word_1_91' title='bbox 687 1831 817 1878; x_wconf 85' lang='lat' dir='ltr'><strong>sacrae</strong></span> <span class='ocrx_word' id='word_1_92' title='bbox 849 1813 1041 1894; x_wconf 85' lang='lat' dir='ltr'><strong>scientiae,</strong></span> <span class='ocrx_word' id='word_1_93' title='bbox 1059 1831 1203 1896; x_wconf 87' lang='lat' dir='ltr'><strong>nempe,</strong></span> 
     </span>
     <span class='ocr_line' id='line_1_15' title="bbox 99 1915 1205 1986; baseline 0.004 -6"><span class='ocrx_word' id='word_1_94' title='bbox 99 1915 155 1982; x_wconf 79' lang='lat' dir='ltr'><strong>ius</strong></span> <span class='ocrx_word' id='word_1_95' title='bbox 170 1916 386 1986; x_wconf 79' lang='lat' dir='ltr'><strong>Canonicum</strong></span> <span class='ocrx_word' id='word_1_96' title='bbox 403 1937 424 1986; x_wconf 86' lang='lat' dir='ltr'><strong>a</strong></span> <span class='ocrx_word' id='word_1_97' title='bbox 442 1920 590 1986; x_wconf 86' lang='lat' dir='ltr'><strong>sacculo</strong></span> <span class='ocrx_word' id='word_1_98' title='bbox 612 1919 702 1984; x_wconf 92' lang='lat' dir='ltr'><strong>XllI</strong></span> <span class='ocrx_word' id='word_1_99' title='bbox 735 1921 771 1984; x_wconf 94' lang='lat' dir='ltr'><strong>in</strong></span> <span class='ocrx_word' id='word_1_100' title='bbox 797 1918 1106 1984; x_wconf 87' lang='lat' dir='ltr'><strong>Universltatibus</strong></span> <span class='ocrx_word' id='word_1_101' title='bbox 1140 1919 1205 1984; x_wconf 90' lang='lat' dir='ltr'><strong>Pa·</strong></span> 
     </span>
     <span class='ocr_line' id='line_1_16' title="bbox 101 2022 1208 2109; baseline 0.004 -23"><span class='ocrx_word' id='word_1_102' title='bbox 101 2022 233 2109; x_wconf 85' lang='lat' dir='ltr'><strong>lentina,</strong></span> <span class='ocrx_word' id='word_1_103' title='bbox 251 2025 534 2093; x_wconf 86' lang='lat' dir='ltr'><strong>Salmantlcensl</strong></span> <span class='ocrx_word' id='word_1_104' title='bbox 549 2035 587 2091; x_wconf 88' lang='lat' dir='ltr'><strong>et</strong></span> <span class='ocrx_word' id='word_1_105' title='bbox 603 2025 812 2108; x_wconf 88' lang='lat' dir='ltr'><strong>illerdensi,</strong></span> <span class='ocrx_word' id='word_1_106' title='bbox 826 2031 863 2090; x_wconf 90' lang='lat' dir='ltr'><strong>et</strong></span> <span class='ocrx_word' id='word_1_107' title='bbox 894 2023 929 2090; x_wconf 87' lang='lat' dir='ltr'><strong>S.</strong></span> <span class='ocrx_word' id='word_1_108' title='bbox 967 2025 1167 2108; x_wconf 82' lang='lat' dir='ltr'><strong>Theologia</strong></span> <span class='ocrx_word' id='word_1_109' title='bbox 1185 2043 1208 2090; x_wconf 87' lang='lat' dir='ltr'><strong>a</strong></span> 
     </span>
     <span class='ocr_line' id='line_1_17' title="bbox 100 2132 1208 2216; baseline 0.002 -22"><span class='ocrx_word' id='word_1_110' title='bbox 100 2133 228 2198; x_wconf 87' lang='lat' dir='ltr'><strong>saeculo</strong></span> <span class='ocrx_word' id='word_1_111' title='bbox 244 2133 313 2199; x_wconf 88' lang='lat' dir='ltr'><strong>XV</strong></span> <span class='ocrx_word' id='word_1_112' title='bbox 331 2135 485 2216; x_wconf 90' lang='lat' dir='ltr'><strong>primum</strong></span> <span class='ocrx_word' id='word_1_113' title='bbox 501 2134 538 2198; x_wconf 89' lang='lat' dir='ltr'><strong>in</strong></span> <span class='ocrx_word' id='word_1_114' title='bbox 558 2133 807 2198; x_wconf 86' lang='lat' dir='ltr'><strong>Universltate</strong></span> <span class='ocrx_word' id='word_1_115' title='bbox 838 2132 1048 2212; x_wconf 87' lang='lat' dir='ltr'><strong>Parisiensi,</strong></span> <span class='ocrx_word' id='word_1_116' title='bbox 1079 2141 1208 2214; x_wconf 86' lang='lat' dir='ltr'><strong>postea</strong></span> 
     </span>
     <span class='ocr_line' id='line_1_18' title="bbox 100 2239 1206 2322; baseline 0.005 -22"><span class='ocrx_word' id='word_1_117' title='bbox 100 2253 175 2303; x_wconf 86' lang='lat' dir='ltr'><strong>vero</strong></span> <span class='ocrx_word' id='word_1_118' title='bbox 196 2240 232 2305; x_wconf 92' lang='lat' dir='ltr'><strong>in</strong></span> <span class='ocrx_word' id='word_1_119' title='bbox 248 2239 489 2322; x_wconf 82' lang='lat' dir='ltr'><strong>salmantino,</strong></span> <span class='ocrx_word' id='word_1_120' title='bbox 516 2240 709 2306; x_wconf 87' lang='lat' dir='ltr'><strong>Illerdensi</strong></span> <span class='ocrx_word' id='word_1_121' title='bbox 733 2247 770 2306; x_wconf 86' lang='lat' dir='ltr'><strong>et</strong></span> <span class='ocrx_word' id='word_1_122' title='bbox 798 2240 1008 2322; x_wconf 83' lang='lat' dir='ltr'><strong>valentina,</strong></span> <span class='ocrx_word' id='word_1_123' title='bbox 1039 2239 1206 2304; x_wconf 83' lang='lat' dir='ltr'><strong>Ecclesia</strong></span> 
     </span>
     <span class='ocr_line' id='line_1_19' title="bbox 100 2343 1208 2429; baseline 0.002 -21"><span class='ocrx_word' id='word_1_124' title='bbox 100 2343 191 2424; x_wconf 86' lang='lat' dir='ltr'><strong>plene</strong></span> <span class='ocrx_word' id='word_1_125' title='bbox 207 2354 244 2412; x_wconf 91' lang='lat' dir='ltr'><strong>et</strong></span> <span class='ocrx_word' id='word_1_126' title='bbox 260 2347 376 2411; x_wconf 89' lang='lat' dir='ltr'><strong>libere</strong></span> <span class='ocrx_word' id='word_1_127' title='bbox 393 2365 496 2412; x_wconf 87' lang='lat' dir='ltr'><strong>suam</strong></span> <span class='ocrx_word' id='word_1_128' title='bbox 521 2347 762 2412; x_wconf 87' lang='lat' dir='ltr'><strong>doctrinalem</strong></span> <span class='ocrx_word' id='word_1_129' title='bbox 789 2351 1010 2429; x_wconf 88' lang='lat' dir='ltr'><strong>potestatem</strong></span> <span class='ocrx_word' id='word_1_130' title='bbox 1042 2347 1208 2410; x_wconf 85' lang='lat' dir='ltr'><strong>exercuit</strong></span> 
     </span>
     <span class='ocr_line' id='line_1_20' title="bbox 102 2448 926 2534; baseline 0.008 -23"><span class='ocrx_word' id='word_1_131' title='bbox 102 2448 131 2513; x_wconf 91' lang='lat' dir='ltr'><strong>in</strong></span> <span class='ocrx_word' id='word_1_132' title='bbox 144 2453 321 2534; x_wconf 85' lang='lat' dir='ltr'><strong>publicam</strong></span> <span class='ocrx_word' id='word_1_133' title='bbox 339 2461 376 2518; x_wconf 90' lang='lat' dir='ltr'><strong>et</strong></span> <span class='ocrx_word' id='word_1_134' title='bbox 392 2453 633 2519; x_wconf 86' lang='lat' dir='ltr'><strong>scientificam</strong></span> <span class='ocrx_word' id='word_1_135' title='bbox 649 2455 926 2519; x_wconf 90' lang='lat' dir='ltr'><strong>institutionem.</strong></span> 
     </span>
    </p>
   </div>
   <div class='ocr_carea' id='block_1_3' title="bbox 173 2559 1320 2648">
    <p class='ocr_par' dir='ltr' id='par_1_4' title="bbox 173 2559 1320 2648">
     <span class='ocr_line' id='line_1_21' title="bbox 173 2559 1320 2648; baseline 0.003 -25"><span class='ocrx_word' id='word_1_136' title='bbox 173 2559 324 2641; x_wconf 86' lang='lat' dir='ltr'><strong>Deinde,</strong></span> <span class='ocrx_word' id='word_1_137' title='bbox 343 2561 511 2644; x_wconf 89' lang='lat' dir='ltr'><strong>quamvis</strong></span> <span class='ocrx_word' id='word_1_138' title='bbox 529 2560 806 2648; x_wconf 67' lang='lat' dir='ltr'><strong>Universltates=</strong></span> <span class='ocrx_word' id='word_1_139' title='bbox 822 2560 969 2643; x_wconf 82' lang='lat' dir='ltr'><strong>Regalis</strong></span> <span class='ocrx_word' id='word_1_140' title='bbox 987 2559 1207 2626; x_wconf 86' lang='lat' dir='ltr'><strong>Patronatus</strong></span> <span class='ocrx_word' id='word_1_141' title='bbox 1316 2577 1320 2582; x_wconf 88' lang='lat'><em>·</em></span> 
     </span>
    </p>
   </div>
   <div class='ocr_carea' id='block_1_4' title="bbox 100 2667 1208 4132">
    <p class='ocr_par' dir='ltr' id='par_1_5' title="bbox 100 2667 1208 4132">
     <span class='ocr_line' id='line_1_22' title="bbox 101 2667 1206 2755; baseline 0.005 -27"><span class='ocrx_word' id='word_1_142' title='bbox 101 2674 215 2746; x_wconf 70' lang='lat' dir='ltr'><strong>meent,</strong></span> <span class='ocrx_word' id='word_1_143' title='bbox 233 2673 343 2749; x_wconf 87' lang='lat' dir='ltr'><strong>prout</strong></span> <span class='ocrx_word' id='word_1_144' title='bbox 370 2668 524 2748; x_wconf 85' lang='lat' dir='ltr'><strong>contigit</strong></span> <span class='ocrx_word' id='word_1_145' title='bbox 540 2667 577 2732; x_wconf 92' lang='lat' dir='ltr'><strong>in</strong></span> <span class='ocrx_word' id='word_1_146' title='bbox 595 2667 785 2749; x_wconf 86' lang='lat' dir='ltr'><strong>Hispania,</strong></span> <span class='ocrx_word' id='word_1_147' title='bbox 820 2667 976 2750; x_wconf 91' lang='lat' dir='ltr'><strong>ideoque</strong></span> <span class='ocrx_word' id='word_1_148' title='bbox 1003 2667 1206 2755; x_wconf 78' lang='lat' dir='ltr'><strong>Pontificiae</strong></span> 
     </span>
     <span class='ocr_line' id='line_1_23' title="bbox 100 2771 1206 2858; baseline 0.008 -28"><span class='ocrx_word' id='word_1_149' title='bbox 100 2771 263 2858; x_wconf 71' lang='lat' dir='ltr'><strong>collegiata</strong></span> <span class='ocrx_word' id='word_1_150' title='bbox 280 2771 666 2856; x_wconf 84' lang='lat' dir='ltr'><strong>simul-apellarentur,</strong></span> <span class='ocrx_word' id='word_1_151' title='bbox 686 2773 852 2839; x_wconf 84' lang='lat' dir='ltr'><strong>Ecclesia</strong></span> <span class='ocrx_word' id='word_1_152' title='bbox 867 2775 942 2838; x_wconf 89' lang='lat' dir='ltr'><strong>suis</strong></span> <span class='ocrx_word' id='word_1_153' title='bbox 959 2791 1102 2856; x_wconf 88' lang='lat' dir='ltr'><strong>quoque</strong></span> <span class='ocrx_word' id='word_1_154' title='bbox 1117 2775 1206 2855; x_wconf 89' lang='lat' dir='ltr'><strong>jnri·</strong></span> 
     </span>
     <span class='ocr_line' id='line_1_24' title="bbox 100 2877 1207 2961; baseline 0.009 -25"><span class='ocrx_word' id='word_1_155' title='bbox 100 2877 155 2942; x_wconf 88' lang='lat' dir='ltr'><strong>bus</strong></span> <span class='ocrx_word' id='word_1_156' title='bbox 170 2881 361 2961; x_wconf 89' lang='lat' dir='ltr'><strong>potitaest,</strong></span> <span class='ocrx_word' id='word_1_157' title='bbox 381 2878 465 2944; x_wconf 93' lang='lat' dir='ltr'><strong>dum</strong></span> <span class='ocrx_word' id='word_1_158' title='bbox 493 2879 672 2944; x_wconf 88' lang='lat' dir='ltr'><strong>Doctores</strong></span> <span class='ocrx_word' id='word_1_159' title='bbox 700 2880 806 2944; x_wconf 87' lang='lat' dir='ltr'><strong>fidem</strong></span> <span class='ocrx_word' id='word_1_160' title='bbox 826 2881 1044 2945; x_wconf 88' lang='lat' dir='ltr'><strong>catholicam</strong></span> <span class='ocrx_word' id='word_1_161' title='bbox 1061 2882 1207 2946; x_wconf 89' lang='lat' dir='ltr'><strong>tradere</strong></span> 
     </span>
     <span class='ocr_line' id='line_1_25' title="bbox 100 2981 1207 3070; baseline 0.005 -24"><span class='ocrx_word' id='word_1_162' title='bbox 100 2981 233 3050; x_wconf 85' lang='lat' dir='ltr'><strong>solemni</strong></span> <span class='ocrx_word' id='word_1_163' title='bbox 258 2987 466 3067; x_wconf 87' lang='lat' dir='ltr'><strong>juramento</strong></span> <span class='ocrx_word' id='word_1_164' title='bbox 491 2985 754 3069; x_wconf 90' lang='lat' dir='ltr'><strong>promittebant</strong></span> <span class='ocrx_word' id='word_1_165' title='bbox 771 3003 837 3068; x_wconf 89' lang='lat' dir='ltr'><strong>pro</strong></span> <span class='ocrx_word' id='word_1_166' title='bbox 856 2986 1137 3070; x_wconf 83' lang='lat' dir='ltr'><strong>adimpleatione</strong></span> <span class='ocrx_word' id='word_1_167' title='bbox 1153 3005 1207 3052; x_wconf 90' lang='lat' dir='ltr'><strong>se-</strong></span> 
     </span>
     <span class='ocr_line' id='line_1_26' title="bbox 101 3090 1207 3173; baseline 0.003 -22"><span class='ocrx_word' id='word_1_168' title='bbox 101 3092 225 3168; x_wconf 84' lang='lat' dir='ltr'><strong>quentis</strong></span> <span class='ocrx_word' id='word_1_169' title='bbox 241 3091 444 3156; x_wconf 89' lang='lat' dir='ltr'><strong>Tridentini</strong></span> <span class='ocrx_word' id='word_1_170' title='bbox 460 3090 608 3156; x_wconf 88' lang='lat' dir='ltr'><strong>Decreti</strong></span> <span class='ocrx_word' id='word_1_171' title='bbox 633 3091 739 3156; x_wconf 88' lang='lat' dir='ltr'><strong>hodie</strong></span> <span class='ocrx_word' id='word_1_172' title='bbox 756 3093 870 3156; x_wconf 85' lang='lat' dir='ltr'><strong>ferme</strong></span> <span class='ocrx_word' id='word_1_173' title='bbox 888 3091 1002 3173; x_wconf 86' lang='lat' dir='ltr'><strong>ignoti</strong></span> <span class='ocrx_word' id='word_1_174' title='bbox 1028 3094 1088 3155; x_wconf 88' lang='lat' dir='ltr'><strong>vel</strong></span> <span class='ocrx_word' id='word_1_175' title='bbox 1107 3107 1207 3172; x_wconf 90' lang='lat' dir='ltr'><strong>pror·</strong></span> 
     </span>
     <span class='ocr_line' id='line_1_27' title="bbox 100 3197 1206 3281; baseline 0.005 -26"><span class='ocrx_word' id='word_1_176' title='bbox 100 3199 269 3264; x_wconf 84' lang='lat' dir='ltr'><strong>susobliti:</strong></span> <span class='ocrx_word' id='word_1_177' title='bbox 291 3199 368 3264; x_wconf 85' lang='lat' dir='ltr'><strong>“Ad</strong></span> <span class='ocrx_word' id='word_1_178' title='bbox 384 3199 477 3264; x_wconf 87' lang='lat' dir='ltr'><strong>haec</strong></span> <span class='ocrx_word' id='word_1_179' title='bbox 493 3215 619 3264; x_wconf 90' lang='lat' dir='ltr'><strong>omnes</strong></span> <span class='ocrx_word' id='word_1_180' title='bbox 647 3197 685 3274; x_wconf 84' lang='lat' dir='ltr'><strong>ii,</strong></span> <span class='ocrx_word' id='word_1_181' title='bbox 721 3198 768 3262; x_wconf 91' lang='lat' dir='ltr'><strong>ad</strong></span> <span class='ocrx_word' id='word_1_182' title='bbox 797 3216 887 3281; x_wconf 91' lang='lat' dir='ltr'><strong>quos</strong></span> <span class='ocrx_word' id='word_1_183' title='bbox 904 3197 1206 3277; x_wconf 86' lang='lat' dir='ltr'><strong>Universitatum,</strong></span> 
     </span>
     <span class='ocr_line' id='line_1_28' title="bbox 101 3302 1208 3389; baseline 0.002 -25"><span class='ocrx_word' id='word_1_184' title='bbox 101 3307 133 3364; x_wconf 88' lang='lat' dir='ltr'><strong>et</strong></span> <span class='ocrx_word' id='word_1_185' title='bbox 145 3302 343 3372; x_wconf 88' lang='lat' dir='ltr'><strong>Studiorum</strong></span> <span class='ocrx_word' id='word_1_186' title='bbox 359 3307 585 3389; x_wconf 88' lang='lat' dir='ltr'><strong>generalium</strong></span> <span class='ocrx_word' id='word_1_187' title='bbox 610 3323 712 3387; x_wconf 86' lang='lat' dir='ltr'><strong>cura,</strong></span> <span class='ocrx_word' id='word_1_188' title='bbox 738 3306 902 3370; x_wconf 90' lang='lat' dir='ltr'><strong>visitatio</strong></span> <span class='ocrx_word' id='word_1_189' title='bbox 933 3310 969 3369; x_wconf 89' lang='lat' dir='ltr'><strong>et</strong></span> <span class='ocrx_word' id='word_1_190' title='bbox 997 3303 1208 3368; x_wconf 80' lang='lat' dir='ltr'><strong>reformatio</strong></span> 
     </span>
     <span class='ocr_line' id='line_1_29' title="bbox 103 3410 1207 3496; baseline 0.002 -24"><span class='ocrx_word' id='word_1_191' title='bbox 103 3413 253 3490; x_wconf 83' lang='lat' dir='ltr'><strong>pertinet,</strong></span> <span class='ocrx_word' id='word_1_192' title='bbox 273 3413 468 3496; x_wconf 88' lang='lat' dir='ltr'><strong>diligenter</strong></span> <span class='ocrx_word' id='word_1_193' title='bbox 481 3419 608 3477; x_wconf 87' lang='lat' dir='ltr'><strong>curent</strong></span> <span class='ocrx_word' id='word_1_194' title='bbox 623 3421 660 3476; x_wconf 90' lang='lat' dir='ltr'><strong>ut</strong></span> <span class='ocrx_word' id='word_1_195' title='bbox 677 3414 723 3477; x_wconf 87' lang='lat' dir='ltr'><strong>ab</strong></span> <span class='ocrx_word' id='word_1_196' title='bbox 741 3411 877 3478; x_wconf 90' lang='lat' dir='ltr'><strong>eisdem</strong></span> <span class='ocrx_word' id='word_1_197' title='bbox 895 3410 1207 3476; x_wconf 82' lang='lat' dir='ltr'><strong>Universltatibus</strong></span> 
     </span>
     <span class='ocr_line' id='line_1_30' title="bbox 103 3509 1208 3603; baseline 0.004 -27"><span class='ocrx_word' id='word_1_198' title='bbox 103 3509 262 3603; x_wconf 79' lang='lat' dir='ltr'><strong>Oenones,</strong></span> <span class='ocrx_word' id='word_1_199' title='bbox 292 3526 328 3586; x_wconf 87' lang='lat' dir='ltr'><strong>et</strong></span> <span class='ocrx_word' id='word_1_200' title='bbox 345 3518 496 3584; x_wconf 81' lang='lat' dir='ltr'><strong>decreta</strong></span> <span class='ocrx_word' id='word_1_201' title='bbox 511 3517 618 3600; x_wconf 90' lang='lat' dir='ltr'><strong>hujns</strong></span> <span class='ocrx_word' id='word_1_202' title='bbox 635 3523 787 3584; x_wconf 88' lang='lat' dir='ltr'><strong>sanctae</strong></span> <span class='ocrx_word' id='word_1_203' title='bbox 805 3516 941 3599; x_wconf 86' lang='lat' dir='ltr'><strong>Synodi</strong></span> <span class='ocrx_word' id='word_1_204' title='bbox 958 3517 1101 3597; x_wconf 78' lang='lat' dir='ltr'><strong>integre</strong></span> <span class='ocrx_word' id='word_1_205' title='bbox 1118 3515 1208 3580; x_wconf 88' lang='lat' dir='ltr'><strong>reci-</strong></span> 
     </span>
     <span class='ocr_line' id='line_1_31' title="bbox 103 3619 1208 3709; baseline 0.004 -27"><span class='ocrx_word' id='word_1_206' title='bbox 103 3619 241 3698; x_wconf 88' lang='lat' dir='ltr'><strong>piantur:</strong></span> <span class='ocrx_word' id='word_1_207' title='bbox 260 3625 308 3690; x_wconf 90' lang='lat' dir='ltr'><strong>ad</strong></span> <span class='ocrx_word' id='word_1_208' title='bbox 325 3641 522 3707; x_wconf 88' lang='lat' dir='ltr'><strong>eorumque</strong></span> <span class='ocrx_word' id='word_1_209' title='bbox 540 3642 704 3689; x_wconf 90' lang='lat' dir='ltr'><strong>normam</strong></span> <span class='ocrx_word' id='word_1_210' title='bbox 730 3625 893 3709; x_wconf 77' lang='lat' dir='ltr'><strong>Magistri</strong></span> <span class='ocrx_word' id='word_1_211' title='bbox 906 3623 1074 3687; x_wconf 81' lang='lat' dir='ltr'><strong>Doctores</strong></span> <span class='ocrx_word' id='word_1_212' title='bbox 1091 3629 1129 3686; x_wconf 89' lang='lat' dir='ltr'><strong>et</strong></span> <span class='ocrx_word' id='word_1_213' title='bbox 1146 3621 1208 3686; x_wconf 88' lang='lat' dir='ltr'><strong>alii</strong></span> 
     </span>
     <span class='ocr_line' id='line_1_32' title="bbox 102 3721 1207 3815; baseline 0.004 -27"><span class='ocrx_word' id='word_1_214' title='bbox 102 3721 131 3788; x_wconf 85' lang='lat' dir='ltr'><strong>ln</strong></span> <span class='ocrx_word' id='word_1_215' title='bbox 144 3729 271 3796; x_wconf 91' lang='lat' dir='ltr'><strong>eisdem</strong></span> <span class='ocrx_word' id='word_1_216' title='bbox 288 3730 599 3796; x_wconf 87' lang='lat' dir='ltr'><strong>Universltatibus</strong></span> <span class='ocrx_word' id='word_1_217' title='bbox 633 3747 679 3794; x_wconf 91' lang='lat' dir='ltr'><strong>ea</strong></span> <span class='ocrx_word' id='word_1_218' title='bbox 705 3751 791 3814; x_wconf 79' lang='lat' dir='ltr'><strong>quac</strong></span> <span class='ocrx_word' id='word_1_219' title='bbox 811 3727 1004 3796; x_wconf 76' lang='lat' dir='ltr'><strong>Catholicae</strong></span> <span class='ocrx_word' id='word_1_220' title='bbox 1018 3729 1100 3815; x_wconf 83' lang='lat' dir='ltr'><strong>fidei</strong></span> <span class='ocrx_word' id='word_1_221' title='bbox 1115 3735 1207 3808; x_wconf 81' lang='lat' dir='ltr'><strong>aaut,</strong></span> 
     </span>
     <span class='ocr_line' id='line_1_33' title="bbox 102 3829 1206 3921; baseline 0 -25"><span class='ocrx_word' id='word_1_222' title='bbox 102 3829 235 3918; x_wconf 76' lang='lat' dir='ltr'><strong>doceant,</strong></span> <span class='ocrx_word' id='word_1_223' title='bbox 264 3843 302 3902; x_wconf 88' lang='lat' dir='ltr'><strong>et</strong></span> <span class='ocrx_word' id='word_1_224' title='bbox 329 3839 617 3921; x_wconf 58' lang='lat' dir='ltr'><strong>interpretantem·</strong></span> <span class='ocrx_word' id='word_1_225' title='bbox 633 3853 745 3918; x_wconf 83' lang='lat' dir='ltr'><strong>seque</strong></span> <span class='ocrx_word' id='word_1_226' title='bbox 775 3835 822 3900; x_wconf 88' lang='lat' dir='ltr'><strong>ad</strong></span> <span class='ocrx_word' id='word_1_227' title='bbox 839 3836 907 3900; x_wconf 89' lang='lat' dir='ltr'><strong>hoc</strong></span> <span class='ocrx_word' id='word_1_228' title='bbox 924 3835 1127 3900; x_wconf 85' lang='lat' dir='ltr'><strong>institutum</strong></span> <span class='ocrx_word' id='word_1_229' title='bbox 1144 3833 1206 3896; x_wconf 89' lang='lat' dir='ltr'><strong>ini·</strong></span> 
     </span>
     <span class='ocr_line' id='line_1_34' title="bbox 102 3937 1161 4027; baseline 0.006 -31"><span class='ocrx_word' id='word_1_230' title='bbox 102 3937 142 4001; x_wconf 90' lang='lat' dir='ltr'><strong>tio</strong></span> <span class='ocrx_word' id='word_1_231' title='bbox 153 3943 341 4023; x_wconf 88' lang='lat' dir='ltr'><strong>cnjnslibet</strong></span> <span class='ocrx_word' id='word_1_232' title='bbox 357 3944 444 4008; x_wconf 90' lang='lat' dir='ltr'><strong>anni</strong></span> <span class='ocrx_word' id='word_1_233' title='bbox 461 3943 606 4008; x_wconf 78' lang='lat' dir='ltr'><strong>solaocaa&#39;</strong></span> <span class='ocrx_word' id='word_1_234' title='bbox 622 3945 818 4027; x_wconf 76' lang='lat' dir='ltr'><strong>juramento</strong></span> <span class='ocrx_word' id='word_1_235' title='bbox 831 3942 1081 4024; x_wconf 82' lang='lat' dir='ltr'><strong>adstringant,</strong></span> <span class='ocrx_word' id='word_1_236' title='bbox 1101 3940 1161 4019; x_wconf 91' lang='lat' dir='ltr'><strong>(l).</strong></span> 
     </span>
     <span class='ocr_line' id='line_1_35' title="bbox 175 4047 1207 4132; baseline -0.002 -20"><span class='ocrx_word' id='word_1_237' title='bbox 175 4047 372 4131; x_wconf 86' lang='lat' dir='ltr'><strong>Postrema,</strong></span> <span class='ocrx_word' id='word_1_238' title='bbox 391 4048 536 4132; x_wconf 85' lang='lat' dir='ltr'><strong>quando</strong></span> <span class='ocrx_word' id='word_1_239' title='bbox 560 4049 760 4114; x_wconf 86' lang='lat' dir='ltr'><strong>recentiori</strong></span> <span class='ocrx_word' id='word_1_240' title='bbox 778 4053 901 4114; x_wconf 88' lang='lat' dir='ltr'><strong>aetate</strong></span> <span class='ocrx_word' id='word_1_241' title='bbox 927 4047 1207 4125; x_wconf 88' lang='lat' dir='ltr'><strong>Universltates,</strong></span> 
     </span>
    </p>
   </div>
   <div class='ocr_carea' id='block_1_5' title="bbox 102 4186 242 4206">
    <p class='ocr_par' dir='ltr' id='par_1_6' title="bbox 102 4186 242 4206">
     <span class='ocr_line' id='line_1_36' title="bbox 102 4186 242 4206; baseline 0 0"><span class='ocrx_word' id='word_1_242' title='bbox 102 4186 242 4206; x_wconf 68' lang='lat' dir='ltr'><strong>&#39;&#39;¹——n--u</strong></span> 
     </span>
    </p>
   </div>
   <div class='ocr_carea' id='block_1_6' title="bbox 160 4245 722 4364">
    <p class='ocr_par' dir='ltr' id='par_1_7' title="bbox 160 4245 722 4364">
     <span class='ocr_line' id='line_1_37' title="bbox 160 4245 722 4364; baseline -0.005 -16"><span class='ocrx_word' id='word_1_243' title='bbox 160 4293 196 4360; x_wconf 75' lang='lat' dir='ltr'><strong>(l)</strong></span> <span class='ocrx_word' id='word_1_244' title='bbox 231 4295 308 4350; x_wconf 83' lang='lat' dir='ltr'><strong>Sese.</strong></span> <span class='ocrx_word' id='word_1_245' title='bbox 321 4295 420 4362; x_wconf 86' lang='lat' dir='ltr'><strong>XXV,</strong></span> <span class='ocrx_word' id='word_1_246' title='bbox 433 4311 493 4363; x_wconf 86' lang='lat' dir='ltr'><strong>cap.</strong></span> <span class='ocrx_word' id='word_1_247' title='bbox 506 4295 535 4348; x_wconf 93' lang='lat'><strong>11</strong></span> <span class='ocrx_word' id='word_1_248' title='bbox 547 4293 580 4348; x_wconf 80' lang='lat' dir='ltr'><strong>dc</strong></span> <span class='ocrx_word' id='word_1_249' title='bbox 591 4291 657 4364; x_wconf 74' lang='lat' dir='ltr'><strong>Res.</strong></span> <span class='ocrx_word' id='word_1_250' title='bbox 714 4245 722 4260; x_wconf 34' lang='lat'>&#39;</span> 
     </span>
    </p>
   </div>
   <div class='ocr_carea' id='block_1_7' title="bbox 0 0 1556 4986">
    <p class='ocr_par' dir='ltr' id='par_1_8' title="bbox 0 0 1556 4986">
     <span class='ocr_line' id='line_1_38' title="bbox 0 0 1556 4986; baseline 0 0"><span class='ocrx_word' id='word_1_251' title='bbox 0 0 1556 4986; x_wconf 95' lang='lat' dir='ltr'><strong> </strong></span> 
     </span>
    </p>
   </div>
  </div>
 </body>
</html>
