3062 4994
767 368 946 430 ..140-

298 513 509 578 deficientes
525 511 563 578 in
595 513 650 578 sui
673 513 833 578 muneris
862 511 1160 594 adimpletionem
1176 511 1422 592 reducendos,
1521 501 1522 528 ¹

297 620 344 684 ad
361 637 485 684 eorum
503 620 764 703 negligentiam
790 623 829 684 et
856 619 893 684 in
921 635 1010 684 cura
1041 619 1221 702 pastorali
1254 618 1426 684 deiectus

297 725 530 810 supplendos,
549 726 768 807 summatim,
787 725 897 790 adea
920 725 1041 790 omnia
1059 725 1306 808 exsequenda,
1325 741 1427 807 quae

298 831 497 915 deposcere
513 833 639 898 valeat
655 831 843 900 Ecclesiae
861 831 1081 896 universalis
1098 835 1136 896 et
1167 831 1294 914 populi
1327 831 1420 895 chri·
1522 870 1523 896 2

298 939 407 1003 atiani
425 939 536 1018 salus,
555 938 693 1002 utilitas
707 938 768 1002 vel
781 938 996 1002 necessitas.

389 1045 459 1110 Sed
472 1044 564 1110 haec
582 1044 727 1126 aliaque
744 1043 876 1108 similia
908 1043 1056 1126 negotia
1080 1043 1117 1106 in
1149 1041 1314 1108 Ecclesia
1346 1045 1427 1107 toto

301 1153 387 1216 orbe
405 1151 538 1216 diflusa
555 1151 747 1218 Pontifices
764 1151 912 1216 Maximi
930 1149 1174 1232 personaliter
1206 1151 1428 1232 plerumque

301 1260 475 1341 expedire
492 1265 687 1340 nequeunt,
714 1260 799 1342 quia
827 1257 1102 1342 quamplurimis
1133 1257 1280 1322 distenti
1308 1257 1426 1338 impe·
1523 1311 1524 1314 ,

301 1363 468 1430 dimentis
494 1372 547 1429 tot
563 1367 840 1430 necessitatibus
858 1381 1052 1430 occurrere
1080 1363 1226 1429 minime
1254 1371 1426 1446 possunt.

301 1471 415 1554 Igitur
433 1471 521 1554 ipsis
538 1472 717 1553 integrum
736 1479 772 1536 et
791 1471 1016 1536 exclusivum
1049 1471 1118 1536 erit
1145 1487 1217 1534 non
1247 1467 1352 1533 modo
1384 1469 1426 1532 in

301 1579 617 1660 participationem
648 1579 843 1660 pastoralia
867 1577 1121 1641 sollicitudinis
1140 1575 1341 1658 Episcopos
1359 1593 1424 1638 vo·

302 1701 400 1766 care,
416 1685 523 1765 juxta
549 1691 706 1748 mentem
725 1683 849 1748 Divisi
866 1683 1097 1765 Pandateria,
1116 1683 1283 1749 dioeceses
1302 1681 1430 1746 ubivis
1524 1695 1525 1708 ¹

301 1791 462 1872 gentium
480 1790 651 1871 creando,
670 1791 922 1854 verumetiam
942 1808 1006 1872 per
1024 1795 1175 1854 cunctas
1197 1787 1320 1852 mundi
1345 1785 1426 1870 pla·

301 1915 368 1978 gas
393 1903 445 1960 tot
458 1897 720 1978 Juriadictionis
737 1896 871 1977 gradus
889 1898 1000 1962 reales
1024 1897 1086 1962 vel
1103 1895 1306 1980 personales
1321 1895 1424 1958 insti·

302 2009 416 2082 tuere,
437 2007 523 2086 quot
542 2003 769 2068 necessarios
786 2004 921 2067 ducant
938 2003 1031 2066 bono
1050 2001 1238 2066 Ecclesiae
1255 2001 1429 2083 regimini

302 2115 339 2174 et
355 2110 479 2174 tutiori
497 2109 656 2174 fidelium
673 2109 965 2174 sanctificationi.

390 2215 445 2279 86.
494 2215 707 2298 Priusquam
726 2233 814 2279 roro
833 2213 1021 2278 Ecclesiae
1038 2213 1262 2278 vindicemus
1276 2211 1429 2276 insitam

303 2325 340 2386 et
363 2321 611 2403 plenissimam
629 2323 910 2402 competentiam
928 2337 1009 2385 sese
1026 2320 1282 2400 constituendi,
1302 2319 1433 2400 operis

303 2429 458 2510 pretium
475 2429 545 2492 erit
562 2429 746 2492 notionem
763 2427 1037 2494 ecclesiasticae
1050 2425 1334 2510 organisationis
1351 2428 1428 2490 tra·
1526 2505 1527 2518 ἵ

303 2534 401 2616 dero,
421 2535 658 2620 diversasque
675 2537 753 2618 ejus
770 2537 911 2618 species
923 2537 1086 2601 innuere.
1526 2523 1527 2528 ’

393 2639 627 2723 Organizatio
646 2643 899 2708 ecclesiastica
912 2643 1040 2708 merito
1053 2641 1195 2706 deliniri
1213 2644 1344 2723 potest:
1360 2639 1433 2704 Re-

304 2754 358 2811 cta
387 2756 417 2812 et
444 2752 639 2815 necessario
668 2751 866 2815 distributio
884 2751 1064 2831 territorii,
1073 2748 1346 2836 jierirdictionia
1370 2747 1431 2812 oei

304 2855 480 2936 utriusque
504 2856 546 2919 ab
562 2855 720 2920 Ecclesia
733 2857 841 2941 fecto,
856 2863 893 2919 at
909 2857 1061 2940 ejusde-m
1078 2854 1307 2920 ministerium
1323 2860 1434 2936 arque

303 2962 453 3044 repimorr
468 2962 595 3044 populo
613 2961 802 3028 christiaco
820 2963 903 3026 utile
916 2963 1116 3026 erratuum
1133 2959 1267 3026 enodat.

394 3063 641 3148 Organizatio,
660 3075 699 3131 ut
715 3087 761 3132 ox
786 3069 900 3132 allata
928 3067 1139 3132 delinitione
1155 3067 1281 3150 liquet,
1300 3065 1430 3130 tribui-

305 3177 363 3238 tur
390 3173 427 3236 in
454 3173 724 3253 territorialem‚
743 3173 1009 3238 hierarchicam
1038 3191 1102 3238 seu
1131 3171 1362 3255 personalem
1390 3179 1435 3234 et

305 3280 467 3360 mixtam,
494 3279 563 3344 hoo
596 3285 662 3359 eat,
689 3281 795 3344 simul
827 3281 1085 3344 territorialem
1117 3285 1154 3343 ot
1180 3277 1431 3361 personalem,

305 3387 425 3468 prouti
454 3387 494 3450 fit
521 3387 557 3450 in
589 3387 781 3468 religiosis:
808 3387 1034 3452 territoriclis
1058 3385 1265 3468 appellatur
1295 3384 1435 3448 divisio

305 3493 491 3572 territorii,
510 3495 580 3574 qud
614 3491 779 3558 Ecclesia
812 3493 1031 3556 universalis
1064 3497 1270 3574 propagata
1303 3497 1370 3572 eat,
1391 3490 1433 3554 in

306 3597 511 3678 parochias,
527 3598 712 3662 districtus
728 3617 790 3662 seu
807 3599 1006 3664 vicariatus
1023 3599 1206 3678 foraneos,
1225 3595 1433 3677 dioeceses,

306 3704 528 3786 provincias,
548 3705 768 3796 exarchatus
782 3705 842 3770 vel
860 3705 1050 3788 primatus,
1070 3712 1180 3786 atque
1199 3702 1434 3786 patriarcha-

305 3817 374 3892 tus:
396 3811 595 3896 personalis
623 3817 853 3893 nuncupatur
882 3811 1136 3876 determinatio
1154 3810 1216 3875 vel
1245 3809 1436 3891 delegatio

306 3919 580 3984 ecclesiastieae
596 3919 787 4000 potestatis
803 3919 839 3982 in
858 3918 982 3984 varios
995 3917 1260 4000 jurisdictionis
1276 3913 1433 3998 gradus,

305 4026 384 4090 sive
399 4025 511 4090 reales
529 4022 626 4104 (Sedi
657 4023 835 4108 adnexos)
852 4023 912 4088 vel
925 4023 1130 4108 persenniae
1146 4022 1326 4105 (personis
1351 4027 1431 4086 tan·

306 4137 381 4196 tum
410 4131 627 4208 vinculatos,
658 4134 733 4195 tum
764 4137 995 4212 transeunter,
1020 4135 1095 4194 tum
1126 4130 1323 4210 stabiliter),
1348 4127 1437 4194 sive

304 4237 654 4324 euproepiscopalea,
671 4237 999 4322 puori-episcopales
1011 4237 1073 4304 vel
1085 4236 1436 4324 infra-episcopales,-
