3038 4994
777 388 956 447 ..264-

315 529 516 596 tensionem
534 548 732 614 assumere,
765 531 957 616 siquando
978 531 1177 596 derelictae
1210 533 1273 596 aut
1300 531 1439 612 injuste

317 655 515 720 oppressae
528 639 606 718 eJus
621 638 802 720 praesidio
816 655 861 702 ao
875 639 991 703 tutela
1002 643 1147 720 egeant.

405 742 600 808 Recenseri
617 749 803 808 merentur
829 749 1025 808 trescasas
1052 744 1088 808 in
1112 743 1200 808 Jure
1225 743 1441 826 specialiter

317 849 560 932 determinati:
577 849 605 930 ⁸)
623 867 705 915 oum
735 851 838 932 ipsae
857 851 1082 914 miserabiles
1109 867 1289 932 personae
1307 850 1357 914 ad
1377 851 1441 914 tri·

315 955 427 1020 bunal
445 956 734 1022 ecclesiasticum
752 957 931 1022 accedunt
948 957 993 1021 ob
1011 956 1273 1039 negligentiam
1302 957 1440 1037 judicis

315 1061 402 1126 laici
414 1063 451 1126 in
464 1062 649 1127 reddenda
663 1063 806 1145 justitia
820 1063 880 1145 (l);
897 1061 923 1142 ¹³)
942 1063 1085 1146 quando
1115 1062 1226 1127 vidua
1241 1063 1303 1127 vel
1323 1063 1439 1144 pupil-
1502 1111 1503 1116 η

316 1167 373 1232 lus
391 1169 491 1248 (lioet
507 1167 639 1234 divites
656 1170 753 1251 sint),
787 1171 847 1234 vel
865 1170 1050 1252 quaelibet
1082 1169 1179 1233 aliae
1212 1169 1440 1232 miserabiles

316 1292 509 1358 personae,
528 1275 709 1340 violenter
726 1293 925 1359 oppressae
938 1285 974 1340 et
990 1277 1098 1342 rebus
1117 1276 1191 1340 suis
1210 1275 1441 1358 exspoliatae

317 1381 464 1463 tuerint,
482 1388 633 1464 possunt
646 1381 743 1465 apud
755 1381 915 1464 judicem
929 1383 1217 1446 ecclesiasticum
1231 1383 1440 1465 interpone·

316 1503 357 1550 re
375 1487 604 1552 interdictum
622 1492 711 1554 uode
728 1492 763 1554 oi
779 1489 826 1553 ad
852 1490 1118 1570 possessionem
1150 1489 1440 1570 recuperandam

319 1594 379 1676 (2),
414 1595 704 1678 quandoquidem
722 1595 899 1678 ejusmodi
934 1595 1172 1676 reintegratio
1190 1595 1226 1658 in
1245 1594 1441 1676 possessio-

318 1719 400 1765 nem
414 1719 436 1764 a
454 1719 523 1784 quo
542 1703 721 1767 violenter
739 1703 954 1766 deturbatae
984 1711 1080 1782 suut,
1100 1701 1253 1784 speciali
1271 1701 1378 1764 modo
1396 1699 1441 1763 ad

318 1809 582 1888 protectionem
596 1809 729 1874 viduae
741 1827 785 1872 ac
799 1809 927 1890 pupilli
941 1809 1116 1888 retertur,
1133 1808 1205 1889 qui,
1221 1809 1289 1870 etsi
1304 1806 1440 1872 divitiis
1504 1801 1505 1826 ³

318 1913 482 1994 affluant,
501 1917 737 1996 oppressione
754 1921 790 1978 et
821 1915 1000 1996 injustitia
1034 1921 1072 1977 ut
1104 1914 1298 1995 plurimum
1328 1913 1441 1994 affligi

319 2021 449 2101 solent;
467 2027 491 2102 ⁰)
506 2039 586 2086 oum
599 2023 643 2086 de
657 2023 823 2104 personis
838 2021 1060 2103 pauperibus
1075 2021 1209 2102 agitur,
1223 2019 1269 2084 ad
1280 2021 1440 2102 judicem

319 2128 601 2194 ecclesiastitum
618 2147 805 2194 recursum
824 2147 968 2210 semper
986 2129 1134 2192 babent.
1505 2203 1506 2206 Ἴ

408 2233 460 2300 7.⁰
507 2235 658 2300 Ratione
664 2237 872 2322 juramenti,
891 2241 975 2299 sunt
992 2253 1136 2316 quoque
1154 2233 1336 2316 quaedam
1355 2233 1439 2298 obli·
1505 2225 1506 2230 ’

319 2343 485 2422 gationes
503 2360 561 2406 res
575 2361 673 2406 mere
684 2343 903 2424 temporales
919 2343 1168 2424 respicientes,
1184 2359 1278 2424 quae
1293 2347 1441 2423 propter

319 2449 518 2531 specialem
548 2449 764 2514 relationem
790 2448 835 2512 ad
864 2449 1078 2530 religionem
1106 2465 1170 2512 seu
1194 2449 1441 2512 necessariam
1506 2492 1507 2518 ,

320 2571 400 2618 cum
416 2555 485 2619 tine
503 2555 682 2637 spirituali
703 2555 967 2618 connexionem
984 2553 1030 2618 ad
1044 2555 1204 2636 judicem
1222 2553 1440 2618 ecclesiasti·
1506 2559 1507 2578 ³

321 2676 401 2724 oum
430 2669 599 2742 spectare
619 2667 772 2744 possunt
788 2661 849 2744 (3);
869 2661 1036 2742 quamvis
1065 2661 1159 2724 enim
1178 2667 1318 2725 certum
1336 2662 1383 2724 sit
1407 2679 1440 2722 o·

320 2783 439 2828 mneru
458 2767 717 2847 obligationem
735 2765 830 2830 dese
845 2785 909 2830 seu
923 2768 1126 2847 subjective
1141 2785 1221 2832 esse
1238 2767 1440 2830 habendam

321 2867 505 2952 tamquam
533 2873 771 2954 spiritualem,
792 2890 835 2936 ac
852 2873 1004 2952 proinde
1021 2874 1099 2953 eJ'us
1128 2873 1441 2938 inobservantiam

320 2985 510 3059 peecatum
543 2979 777 3054 constituere,
808 2995 958 3042 necesse
990 2985 1046 3042 est
1078 2985 1199 3043 tamen
1229 2979 1439 3043 admittatur

321 3083 516 3147 existentia
534 3085 770 3166 quarumdam
788 3085 1063 3165 obligationum,
1094 3103 1202 3167 quae,
1233 3091 1360 3167 utpote
1378 3087 1439 3148 oir-

322 3207 365 3252 ca
383 3191 572 3254 materiam
589 3191 827 3272 temporalem
845 3199 1051 3268 versantes,
1067 3193 1114 3254 ad
1128 3191 1291 3256 ordinem
1308 3197 1440 3272 tempo-

321 3296 435 3360 ralem
457 3298 653 3380 pertinent,
673 3297 826 3378 ideoque
846 3296 912 3360 sub
931 3297 1049 3362 civilis
1079 3299 1316 3380 magistratus
1337 3299 1440 3381 juris-

322 3401 643 3466 diotioneoadunt.
709 3475 714 3486 Ι

409 3509 490 3572 Jam
520 3527 623 3589 vero,
654 3527 734 3572 oum
753 3507 930 3589 eJusmodi
948 3509 1192 3590 obligationes
1221 3527 1284 3592 pro
1316 3509 1441 3590 maj0ri

321 3615 510 3676 sanctione
525 3621 634 3697 atque
649 3615 821 3696 religiosa
834 3615 1110 3679 confirmatione
1135 3616 1333 3680 sanctitate
1340 3619 1440 3702 juro·

321 3721 426 3784 oranti
441 3721 660 3802 muniuntur,
675 3725 761 3784 tuno
777 3721 951 3802 obligatio
970 3739 1064 3802 quae
1080 3739 1127 3786 ex
1160 3723 1264 3787 titulo
1279 3723 1441 3804 justitiae

321 3825 383 3890 vel
397 3825 586 3890 charitatis
601 3831 741 3890 tantum
757 3827 922 3908 urgebat,
938 3826 1138 3891 accedente
1148 3829 1357 3909 juramento
1368 3830 1441 3912 Jam

324 3995 508 4006 ...ᾳ-

394 4157 431 4218 (ll
469 4155 536 4223 Cap.
551 4157 596 4208 Ex
607 4171 728 4210 resona
741 4159 782 4210 XI
795 4158 898 4226 defore
909 4163 1080 4228 competente.

395 4231 432 4288 (25
469 4225 537 4292 Cap.
551 4223 606 4278 XV
621 4229 652 4282 dc
658 4229 726 4296 soro
736 4233 905 4296 conspiciente.

396 4300 434 4360 (3)
469 4295 538 4363 Gap.
554 4299 596 4350 ΠΙ
608 4299 713 4367 desbro
723 4305 893 4367 coorpetcate.
