3096 4986
782 406 940 464 ..33-

686 643 948 710 ARTICULUS
971 645 1034 710 IV.

741 829 985 896 scirnmmn.

306 1003 345 1054 18.
366 1001 560 1068 apellationss
585 1004 621 1056 de
645 1005 795 1057 sententiis
816 1021 850 1057 ea
873 1003 1026 1074 iasommtc
1050 1005 1300 1060 recedentia-it.
1320 1007 1439 1060 Modus

375 1074 544 1140 procedendi
558 1090 594 1126 ex
606 1077 668 1141 jnre
683 1075 870 1128 Decretalium
884 1085 982 1128 contra
995 1079 1112 1130 clericos
1124 1079 1287 1132 criminales
1297 1080 1431 1132 ordinari
1537 1075 1538 1078 ’

374 1147 417 1194 vel
433 1147 591 1210 promoveri
612 1150 828 1212 petentes-20,
851 1145 1001 1200 Decretum
1015 1149 1305 1202 Tridentinum.-·ll.
1326 1154 1372 1201 An
1388 1151 1431 1202 fa-

373 1217 464 1268 cultas
486 1215 705 1282 nonjudinalir
722 1217 791 1269 Jnra
816 1219 979 1272 Novissime
1005 1219 1154 1287 Episcopis
1173 1235 1311 1273 concessa
1330 1222 1433 1274 valida

374 1287 499 1338 siti-22.
521 1288 621 1340 l'trum
635 1289 761 1352 legitima
775 1290 881 1342 existat
893 1294 970 1343 -33,
990 1289 1141 1352 Quomodo
1154 1293 1369 1359 interpretanda
1380 1295 1434 1345 sit.

376 1361 453 1410 -2t.
473 1359 624 1412 Conclusio
633 1360 764 1426 practica.

386 1517 438 1582 18.
481 1517 535 1582 De
553 1520 741 1584 sententiis
758 1541 801 1584 ex
813 1521 1004 1605 informata
1020 1525 1229 1588 conscicntia
1246 1523 1330 1586 latis
1344 1540 1431 1603 spe·
1537 1579 1538 1588 ,

303 1621 433 1686 cialem
451 1641 654 1688 sermonem
671 1627 890 1690 instituimus
905 1636 978 1691 tum
994 1627 1039 1691 ad
1055 1629 1219 1692 fraudem
1233 1629 1433 1710 regalista-

306 1745 383 1792 rum
402 1729 641 1812 detegendam
659 1737 768 1814 atque
782 1733 1039 1812 jansenianam
1072 1735 1262 1800 audaciam
1282 1752 1431 1816 compe·

303 1835 487 1920 scendum,
504 1847 576 1902 tum
591 1839 636 1903 ob
650 1841 849 1922 practicam
867 1845 1129 1922 praestantiam
1147 1851 1184 1906 et
1196 1845 1435 1924 frequentem

302 1941 479 2023 ejusmodi
496 1962 663 2009 recursus
681 1947 977 2028 applicationem,
994 1949 1091 2012 hisee
1104 1951 1320 2030 praesertim
1336 1959 1429 2014 tem·

302 2049 463 2131 poribus,
489 2051 526 2114 in
553 2051 682 2134 quibus
711 2054 832 2133 magni
862 2054 1014 2118 interest
1043 2073 1108 2136 pro
1138 2055 1260 2118 debita
1286 2073 1435 2120 morum

303 2155 561 2222 reformatione
575 2157 771 2221 obtinenda
789 2161 966 2241 novisque
983 2161 1197 2224 recentioris
1214 2163 1346 2224 aetatis
1366 2178 1433 2225 ne·
1537 2185 1538 2230 r

302 2262 532 2326 cessitatibus
546 2264 776 2328 consulendis
789 2274 1005 2346 potestatem
1019 2266 1281 2349 Episcoporum
1297 2266 1438 2330 mediis
1537 2291 1538 2340 l

303 2367 569 2433 efficacioribus
587 2376 623 2433 et
640 2369 853 2452 adaequatis
868 2374 1019 2435 munire.
1537 2379 1538 2466 ζ

391 2473 600 2539 Sententiae
624 2498 667 2540 era
683 2477 873 2561 informata
898 2479 1106 2542 conscientia
1124 2478 1259 2558 passim
1289 2493 1432 2541 nuncu·
1537 2479 1538 2488 ’

304 2585 448 2660 pantur:
468 2603 552 2664 quae
577 2583 618 2646 ab
635 2581 820 2666 Episcopis
836 2585 873 2647 ia
887 2584 966 2667 soro
984 2592 1124 2648 eceterae
1139 2585 1304 2668 feruutur
1322 2587 1356 2646 vi
1372 2581 1436 2668 fa·
1537 2673 1538 2678 ἵ

304 2685 443 2750 collatis
456 2707 477 2750 a
494 2686 698 2752 Tridentino
711 2688 848 2774 Synodo
866 2691 953 2772 ipsis
972 2711 1160 2771 concessae,
1178 2691 1303 2773 absque
1317 2691 1432 2773 fofor-
1537 2685 1538 2742 l

305 2795 452 2854 motione
460 2793 630 2876 juridica,
645 2815 750 2878 aeque
761 2815 928 2878 processo
942 2797 1133 2860 ordinario.
1537 2797 1538 2806 ’

395 2893 527 2960 Omnes
556 2897 742 2963 Ecclesiae
771 2901 891 2964 hostes
922 2903 981 2984 qui
1007 2903 1066 2965 vel
1095 2903 1179 2966 labe
1205 2902 1439 2982 janseniano.
1537 2907 1538 2944 r

303 3003 523 3080 inficiuntur,
541 3005 601 3070 vel
617 3007 809 3086 gallicanis
834 3010 1019 3073 erroribus
1043 3009 1264 3090 imbuuntur,
1285 3009 1344 3072 vel
1371 3027 1430 3072 re-

304 3109 516 3192 galistarom
546 3111 690 3192 placitis
708 3113 909 3196 indulgent,
929 3114 1141 3179 facultatem
1167 3115 1430 3194 extrajudicia-

304 3217 374 3282 lem
393 3237 415 3282 a
432 3217 642 3284 Tridentino
673 3219 862 3302 Episcopis
890 3223 1062 3286 collatam
1091 3224 1176 3286 totis
1195 3223 1333 3286 viribus
1363 3224 1431 3287 im-

304 3329 480 3406 pugnant,
499 3327 755 3408 suspensiones
784 3349 827 3391 ec
854 3328 1044 3412 informata
1073 3329 1281 3394 conscientia
1300 3335 1437 3410 utpote
1537 3311 1538 3396 l

304 3431 423 3494 nullas
442 3449 588 3512 prorsus
606 3432 825 3512 rejicientes,
844 3451 889 3495 ao
905 3451 973 3496 uno
992 3451 1053 3497 ore
1071 3436 1324 3516 communique
1343 3452 1430 3498 con-

305 3551 413 3599 sensu
447 3537 563 3600 laicae
592 3539 765 3618 potestati
797 3545 833 3600 et
865 3539 1034 3602 civilibus
1063 3539 1335 3621 magistratibus
1366 3542 1437 3621 Jus

306 3641 506 3705 tribuentes
516 3643 715 3724 recipiendi
729 3643 995 3724 appellationes
1006 3645 1051 3708 ab
1065 3645 1119 3709 his
1130 3646 1320 3709 sententiis
1335 3664 1431 3710 sem-

304 3763 370 3828 per
396 3747 546 3832 injoatia,
572 3751 678 3828 prout
707 3747 821 3828 ajunt,
848 3749 982 3830 quippe
1012 3767 1105 3831 quae
1132 3751 1436 3816 solemnitatibus

300 3852 393 3934 juris
408 3852 552 3916 omnino
570 3853 702 3933 spretis
720 3853 888 3917 eduntur.

395 3957 447 4020 19.
496 3955 550 4020 Ex
565 3957 648 4038 jure
665 3957 911 4022 Decretalium
930 3959 1112 4041 susceptio
1131 3977 1319 4025 sacrorum
1333 3961 1430 4026 ordi-

303 4080 388 4126 num
406 4063 534 4143 negari
550 4067 587 4126 et
603 4065 792 4144 suspensio
806 4064 852 4126 ab
871 4065 996 4128 ordine
1011 4066 1087 4144 jam
1104 4074 1275 4147 suscepto
1288 4069 1434 4148 imponi

302 4185 375 4232 non
393 4177 536 4249 poterat
549 4167 619 4231 nisi
637 4185 748 4232 causa
766 4171 944 4232 canonica
961 4171 997 4233 in
1014 4171 1093 4234 foro
1111 4178 1263 4235 externo
1281 4171 1435 4237 demon·

300 4273 464 4355 stranda3
484 4271 514 4336 si
533 4273 781 4356 quandovero
800 4273 923 4336 clerici
951 4275 1161 4340 saeculares
1189 4281 1343 4358 propter
1361 4279 1433 4342 ali·
