3038 4994
314 501 500 566 siasticum
517 499 636 570 adorti
652 499 800 566 suntad
816 498 906 564 illud
920 499 1001 564 sira
1013 515 1060 563 ex
1075 501 1182 580 parte
1198 497 1279 562 sive
1296 514 1344 562 ex
1360 501 1444 561 toto

314 609 386 674 sibi
403 606 675 686 vindicandum,
693 607 876 688 etiamque
903 605 1038 672 nostris
1065 605 1205 687 diebus,
1224 611 1311 670 anta
1338 604 1447 669 neia-

315 721 410 780 stam
426 721 588 797 stragem
611 731 676 778 seu
691 717 901 795 aperturam
929 711 1062 776 Portae
1086 711 1186 790 Piae,
1206 711 1365 776 maxima
1395 727 1447 774 ex

317 827 422 904 parte
438 840 461 884 a
474 817 658 885 Gubernlo
675 817 874 901 Subalpino
887 819 925 884 vi
937 829 975 883 at
991 817 1121 883 fraude
1137 816 1351 882 distractum
1370 822 1444 878 est.

405 925 579 1006 Quamvis
597 941 686 990 vero
704 927 770 990 sub
787 925 843 990 his
860 924 1186 1009 exspoliationibus
1204 939 1329 988 amnes
1345 939 1447 1005 pene

316 1032 503 1114 regiminis
526 1032 666 1096 formae
690 1032 880 1096 institutae
906 1032 991 1112 sint,
1010 1029 1234 1112 despoticee,
1253 1028 1445 1094 democra-

317 1139 427 1218 ticae,
456 1155 599 1203 necnon
628 1139 774 1220 saepius
806 1137 1041 1219 Reipublicae
1076 1135 1326 1218 proclamatus
1358 1151 1446 1198 cum

318 1246 457 1328 ingenti
482 1245 566 1310 boul
584 1245 719 1329 publici
745 1245 905 1326 Jactura,
924 1231 1032 1310 immo
1056 1243 1171 1308 Roma
1197 1243 1277 1324 ipsa
1303 1242 1446 1323 septies
1505 1271 1506 1294 r

318 1361 382 1416 aut
409 1351 644 1434 depopulata,
663 1360 725 1416 aut
753 1351 903 1416 incensa
930 1351 1053 1432 iuerit;
1072 1355 1323 1414 verumtamen
1341 1347 1445 1412 hisce

318 1475 390 1522 non
416 1457 657 1538 obstantibus,
677 1457 803 1522 divina
819 1457 957 1522 factum
988 1465 1044 1522 ast
1060 1453 1304 1538 providentia,
1323 1459 1363 1518 ut
1388 1455 1445 1535 ju·

316 1565 413 1646 giter
437 1564 550 1628 Roma
575 1565 744 1628 restituta
760 1564 884 1644 fuerit,
903 1569 1026 1646 atque,
1046 1567 1085 1628 ut
1100 1563 1152 1627 ita
1169 1561 1300 1642 dicam,
1319 1577 1339 1624 a
1367 1561 1445 1624 suis

318 1669 432 1736 ruinis
462 1687 506 1734 ac
533 1670 716 1735 cineribus
745 1669 946 1748 emerserit;
965 1671 1134 1751 regiones
1162 1675 1199 1734 et
1226 1667 1445 1750 provinciae

319 1775 519 1842 distractae
537 1778 770 1842 aut-ablatae
788 1777 999 1842 Pontificiae
1011 1775 1259 1842 Dominationi
1276 1773 1446 1840 redditae

318 1885 404 1965 slot,
423 1883 513 1948 adeo
533 1890 571 1948 ut
588 1891 751 1968 potestas
769 1884 980 1966 temporalis
1004 1882 1162 1948 Sanctae
1189 1880 1292 1947 Sedis
1316 1882 1353 1946 ln
1371 1881 1445 1963 pri·

318 1991 453 2054 atinum
469 1997 603 2056 statum
632 1991 794 2071 redierit,
814 2007 858 2054 ac
874 1991 941 2054 sub
969 1990 1211 2055 Romanorum
1229 1988 1445 2053 Pontificum

319 2097 474 2179 pacifico
494 2097 670 2180 regimine
687 2097 842 2160 ditiones
859 2095 1142 2160 Ecclesiasticus
1160 2101 1372 2159 constanter
1389 2111 1444 2157 re·

319 2203 508 2266 floruerint
525 2203 652 2284 majori
672 2203 916 2284 prosperitate
935 2219 979 2266 ac
995 2219 1117 2266 rerum
1134 2201 1373 2266 abundantia.

409 2309 478 2373 Sed
495 2311 629 2374 nostris
646 2309 820 2374 luctuosis
848 2317 884 2372 et
913 2309 1109 2372 teterrimis
1133 2308 1259 2372 diebus
1278 2325 1442 2372 consum·

319 2421 418 2480 mata
434 2425 490 2480 cst
505 2437 631 2502 mopna
646 2417 826 2500 iniquitas,
846 2422 883 2480 et
900 2414 1018 2480 adhuc
1046 2415 1199 2480 inultum
1230 2419 1267 2478 et
1288 2413 1443 2496 impuni-
1507 2492 1508 2512 χ

319 2529 393 2585 tum
412 2533 578 2587 remanet
595 2524 730 2587 crimen
745 2523 976 2604 sacrilegum,
995 2523 1313 2604 flagitiosissimum
1333 2529 1444 2606 atque
1507 2513 1508 2590 ἶ

319 2628 614 2710 internetionem,
634 2630 691 2694 die
713 2629 758 2694 ‘20
775 2628 999 2710 Septembris
1031 2629 1224 2693 auni1870
1255 2637 1443 2711 perpetra·

320 2739 408 2796 tum.
429 2733 481 2798 Ex
500 2741 585 2800 tunc
610 2737 784 2817 temporis
802 2735 913 2800 Sedes
938 2737 1151 2817 Apostolica
1172 2736 1392 2818 patrimonio
1406 2733 1441 2800 S.

321 2837 418 2902 Petri
435 2841 646 2923 cunctisque
663 2843 737 2906 suis
754 2841 950 2905 ditionibus
975 2859 1124 2924 prorsus
1139 2841 1347 2924 exspoliata
1362 2841 1441 2922 fuit,

320 2943 528 3010 videntibus
560 2947 746 3028 impavida
789 2947 932 3030 pupulis
977 2949 1097 3029 cultis,
1131 2948 1441 3012 consentientibus

321 3051 554 3133 culpabiliter
567 3054 773 3116 nationibus
788 3053 1010 3134 christianis,
1025 3070 1168 3119 necnon
1193 3055 1315 3137 iniqua
1344 3071 1442 3118 reco-

321 3161 579 3240 gnoscentibus
603 3159 800 3242 guberniis,
834 3177 927 3243 quae
959 3161 1078 3226 adhuc
1111 3162 1294 3227 catholica
1327 3161 1443 3227 videri

323 3265 463 3329 volunt.

413 3372 486 3436 136.
533 3371 609 3436 Etsi
638 3390 725 3436 vero
753 3373 952 3438 damnabili
978 3375 1193 3456 populorum
1210 3375 1380 3440 socordia
1406 3379 1442 3438 et

322 3477 570 3558 derelictione,
604 3479 783 3543 criminali
815 3479 1073 3560 guberniorum
1101 3483 1375 3564 cooperatione,
1407 3489 1443 3545 et

322 3584 496 3666 culpabili
522 3585 679 3649 omnium
706 3585 867 3666 gentium
900 3603 1081 3651 consensu
1110 3597 1326 3668 perseveret
1353 3603 1442 3670 opus

322 3689 508 3754 violentae
526 3691 771 3771 usurpationis
788 3699 825 3754 at
842 3691 988 3774 iniquae
1013 3693 1304 3775 exspoliationis;
1323 3700 1442 3758 tamen

323 3795 441 3860 denuo
473 3813 740 3876 asseveramus,
775 3795 995 3862 adstruimus
1031 3807 1140 3882 atqua
1172 3817 1443 3883 propugnamus

323 3901 569 3984 Principatum
593 3903 739 3968 civilem
768 3923 831 3970 seu
860 3908 998 3988 regiam
1016 3907 1243 3990 dignitatem,
1274 3911 1348 3992 qua
1378 3925 1442 3990 per

323 4009 470 4072 circiter
487 4008 675 4074 duodecim
692 4012 841 4076 saecula
858 4013 1020 4095 insigniti
1036 4021 1121 4078 sunt
1143 4013 1297 4079 Romani
1325 4013 1442 4080 Ponti-

324 4113 423 4194 fices,
439 4115 576 4197 absque
590 4115 697 4180 dubio
714 4119 840 4199 vigere
851 4127 887 4182 et
899 4137 966 4184 sua
978 4119 1136 4186 mirabili
1149 4121 1322 4202 firmitate
1336 4121 1442 4186 etiam

324 4219 431 4284 bodie
449 4237 572 4286 coram
587 4224 755 4302 gentibus
771 4231 809 4288 at
824 4225 968 4308 populis
985 4227 1177 4310 effulgere.
