3038 4994
1296 10 1303 22 ·

782 383 899 442 -294
922 415 960 428 -

308 526 380 590 erit
395 523 595 605 Ecclesiae,
610 526 721 590 etiam
734 527 771 590 vi
779 526 987 609 Principum
1002 523 1289 592 Christianorum
1302 525 1437 608 implo-

309 637 404 712 rata,
423 634 534 712 agere
546 631 583 696 in
600 649 675 712 eos,
694 649 767 697 non
783 633 897 698 veluti
914 631 1089 714 subditos,
1107 631 1171 696 sed
1189 631 1293 713 quasi
1307 631 1437 696 hostes

309 741 470 821 apertos:
490 735 542 801 2.⁰
559 737 655 819 apud
672 737 889 804 christianos
905 755 1048 822 quoque
1081 737 1258 819 ejusmodi
1286 741 1434 802 contro·

309 845 470 910 versiam
504 847 660 928 practice
689 851 892 926 spectatam
923 863 1004 909 esse
1036 861 1185 926 prorsus
1210 860 1435 926 supervaca-

309 971 429 1034 neam,
444 953 579 1035 quippe
596 953 634 1015 in
650 952 788 1016 actuali
806 969 926 1016 rerum
956 950 1164 1016 conditione
1184 949 1348 1015 Ecclesia
1366 949 1434 1012 Ro·

308 1060 479 1140 manique
494 1057 687 1122 Pontifices
704 1057 750 1122 ob
768 1059 969 1140 peculiaria
985 1065 1201 1140 temporum,
1221 1073 1362 1122 morum
1387 1073 1436 1120 ac

309 1165 632 1230 civilissocietatis
662 1164 836 1244 adjuncta
868 1165 914 1228 ab
946 1164 1124 1229 exercitio
1156 1163 1307 1245 huJusce
1335 1163 1436 1244 juris

308 1272 453 1336 omnino
468 1271 661 1334 abstinent.

398 1379 446 1444 At
461 1378 492 1440 si
510 1395 585 1441 rem
602 1377 747 1442 theorice
760 1383 797 1442 et
809 1377 974 1442 absolute
998 1377 1227 1459 perpendere
1259 1377 1432 1458 velimus,

309 1485 427 1550 denuo
446 1485 668 1548 affirmamus
685 1493 795 1566 atque
813 1483 1063 1548 contendimus
1079 1501 1268 1566 supremos
1297 1482 1433 1548 Christi

309 1591 645 1671 Vicarios,rationa
678 1590 879 1654 indirectas
909 1592 1100 1672 potestatis
1133 1596 1170 1655 et
1192 1592 1351 1677 juridice
1383 1589 1434 1654 lo-

309 1698 466 1780 quendo,
485 1697 647 1777 legitima
664 1703 701 1760 et
726 1697 833 1760 insita
851 1697 1026 1761 facultate
1051 1697 1212 1778 gaudere
1243 1697 1436 1778 Principes

310 1803 536 1870 Christianos
550 1803 750 1868 Ecclesiam
768 1803 1031 1884 religionemve
1051 1804 1226 1885 palamst
1246 1811 1432 1867 contuma-

309 1913 402 1976 citer
420 1910 649 1974 oifendentes
667 1927 779 1992 nsque
797 1909 843 1974 ad
861 1911 1124 1992 depositionem
1142 1910 1339 1993 plectendi.

398 2017 466 2080 Pro
482 2017 616 2080 tuenda
630 2023 666 2080 et
682 2017 953 2081 corroboranda
965 2019 1123 2083 veritate
1138 2018 1242 2098 hujus
1261 2018 1433 2081 assertio·

309 2125 379 2206 nis,
394 2141 500 2205 quae,
516 2129 555 2186 nt
569 2123 777 2205 nuperrime
794 2124 987 2204 innuimus,
1002 2125 1039 2188 in
1053 2123 1179 2188 ordine
1193 2124 1433 2210 merejaridi-

309 2251 347 2295 co
365 2247 409 2294 ac
427 2231 639 2314 speculativo
652 2228 757 2294 hodie
776 2231 1000 2312 propugnari
1018 2231 1131 2310 valet,
1150 2231 1257 2312 plura
1274 2230 1435 2294 militant

308 2337 490 2400 rationum
508 2341 702 2416 momenta,
717 2337 914 2418 praecipue
943 2355 1044 2401 varo:
1064 2336 1093 2414 ⁸)
1126 2339 1206 2419 ipsa
1234 2338 1435 2402 constitutio

308 2443 425 2522 ragni3
441 2442 631 2506 cumcuim
648 2443 800 2524 quilibet
816 2451 932 2506 status
950 2443 989 2506 iit
1005 2443 1234 2523 christianus,
1265 2443 1334 2507 hoo
1363 2449 1432 2524 est,
1510 2451 1511 2475 ¹

309 2549 453 2629 quando
470 2549 627 2612 societas
646 2549 777 2629 civilis,
796 2556 975 2631 qnatenus
992 2567 1152 2632 persona
1183 2551 1331 2614 moralis
1350 2567 1431 2632 per-

309 2653 418 2734 fecta,
438 2654 474 2716 in
489 2653 689 2718 Ecclesiam
707 2654 921 2736 ingreditur,
937 2673 980 2719 eo
996 2658 1075 2737 ipso
1089 2661 1245 2720 mentam
1276 2672 1322 2720 ac
1353 2673 1432 2720 sco·
1509 2661 1510 2699 ³

310 2773 395 2837 pum
413 2756 570 2821 ostendit
586 2776 662 2822 rem
681 2758 862 2840 publicam
888 2761 939 2822 ita
971 2759 1165 2824 ordinandi
1194 2767 1305 2842 atque
1332 2761 1433 2824 insti-

309 2863 446 2944 tuendi,
481 2871 519 2928 ut
558 2863 745 2928 Ecclesiae
785 2873 1006 2948 agnoscatur
1038 2875 1075 2932 ct
1110 2868 1344 2950 permittatur
1373 2869 1434 2948 Jus
1508 2911 1509 2920 η

308 2969 522 3032 removendi
535 2971 735 3052 obstacula,
754 2989 848 3054 qnae
864 2973 1046 3054 spirituali
1060 2975 1228 3056 regimini
1242 2983 1431 3039 aeternae·

309 3091 378 3155 qne
396 3074 578 3140 hominum
596 3077 763 3141 felicitati
781 3087 1025 3160 opponuntnr;
1044 3082 1074 3144 si
1092 3082 1202 3163 igitur
1218 3081 1296 3145 Rex
1314 3081 1432 3146 inccr-
1507 3089 1508 3136 i

307 3181 470 3262 regibilis
488 3183 661 3247 deveniat
688 3185 725 3248 in
753 3185 954 3250 avertendo
985 3187 1109 3252 fideles
1127 3207 1149 3252 a
1182 3187 1251 3252 Dei
1269 3189 1371 3252 cultu
1398 3191 1433 3251 et

307 3287 488 3369 religiosis
506 3289 647 3369 officiis,
662 3291 797 3371 optimo
811 3293 894 3371 Jnre
912 3291 958 3356 ab
975 3292 1142 3358 Ecclesia
1166 3297 1354 3358 removeri
1372 3313 1429 3376 po·
1506 3345 1507 3362 t

307 3395 404 3475 terit,
424 3396 594 3477 qnoniam
612 3395 681 3460 hac
693 3397 870 3478 implicita
888 3398 1097 3464 conditione
1115 3400 1149 3464 ei
1173 3400 1351 3465 collatum
1380 3405 1434 3465 est

307 3517 472 3582 regnum:
490 3499 515 3581 bl
533 3503 705 3584 religiosa
721 3505 884 3590 subjectio
898 3523 944 3570 ex
973 3507 1153 3588 baptismo
1187 3507 1373 3590 derivata
1389 3509 1432 3572 si·
1505 3549 1506 3587 ,

308 3613 369 3669 cut
393 3613 512 3672 autern
527 3609 743 3691 quicumque
756 3609 963 3676 individuus
988 3631 1053 3694 per
1078 3615 1263 3696 baptisma
1284 3616 1431 3697 iurisdi-

307 3713 419 3776 ctioni
436 3715 544 3778 etiam
566 3716 751 3797 punitivae
764 3715 952 3782 Ecclesiae
977 3720 1114 3800 subest,
1133 3721 1273 3802 pariter
1290 3731 1326 3786 at
1355 3721 1430 3786 Rex
1504 3719 1505 3809 l

307 3825 344 3882 et
356 3818 531 3901 Regnum,
547 3821 577 3884 si
592 3827 629 3884 ut
644 3839 799 3902 persona
813 3823 959 3904 publica
976 3825 1038 3889 ille
1055 3844 1099 3890 ac
1115 3827 1361 3896 collectivitas
1374 3829 1428 3910 ju·

307 3925 421 3988 ridica
435 3927 599 4008 perfecta
615 3925 684 3990 hoc
700 3926 901 3993 Ecclesiam
926 3931 1077 4013 ejnsquc
1102 3933 1188 4015 jura
1213 3943 1427 4014 agnoscant,

307 4031 492 4096 socialiter
509 4033 948 4116 sesesnbjiciuntjudicio
978 4045 1051 4101 tum
1085 4039 1329 4121 gubernativo
1353 4045 1428 4104 tum
1502 4077 1503 4104 t

307 4137 473 4216 punitiva
490 4137 676 4202 societatis
689 4156 712 4202 a
729 4137 871 4204 Christo
883 4141 1064 4208 conditae:
1083 4151 1108 4224 ⁰)
1121 4137 1223 4212 recta
1238 4149 1428 4224 ordinalia·

305 4239 605 4326 eademnamque
621 4261 741 4310 rernm
759 4249 891 4310 natura
923 4248 1042 4331 logice
1072 4253 1241 4334 exposcit
1267 4253 1425 4318 ordinem
