3058 4994
757 358 936 422 ..430-

284 523 395 586 scopo
413 521 503 587 opus
521 502 804 586 perturbationis
818 506 854 572 et
869 502 1114 584 usurpationis
1141 521 1163 566 a
1190 501 1427 585 Napoleone

285 615 571 678 consummatum
585 609 788 692 evertendi,
799 609 1006 678 libertatem
1020 609 1206 674 fiuvialem
1219 609 1427 674 stabilien-

284 717 603 802 nicomarciae
621 717 856 798 nigrltrarum
871 715 1056 797 abolendi,
1075 715 1240 800 aliasque
1262 721 1428 799 epecta-

284 826 442 892 tissimas
455 824 737 890 deliberationes
751 824 960 906 evulgandl;
979 823 1196 888 Parisiensis
1210 841 1305 888 anno
1321 824 1428 890 1856

284 928 1429 1014 sancitaproconclusionebelliOrientis‚inquaequidemedi-

284 1047 341 1104 tue
357 1039 426 1104 fuit
443 1035 566 1102 Codex
582 1037 797 1118 maritimum
813 1035 1155 1105 Franeoiordiensis
1172 1043 1254 1119 poet
1271 1036 1429 1102 bellum

284 1145 676 1210 Franco-Bornesicum
708 1161 804 1210 anno
832 1143 916 1210 1871
942 1143 1087 1208 firmata
1111 1160 1223 1208 causa
1247 1141 1429 1212 Galliam

285 1251 438 1334 cogendi
456 1251 503 1316 ad
516 1251 747 1318 traditionem
764 1251 927 1318 Alsetiae
951 1257 987 1316 et
1004 1250 1276 1333 Lothuringiae‚
1314 1269 1430 1335 quae

284 1358 497 1441 provinciae
511 1376 605 1423 novo
623 1358 781 1441 Imperio
809 1355 1028 1424 Germanico
1062 1363 1183 1424 essent
1211 1357 1428 1424 adnecten-

285 1465 366 1546 dae;
385 1465 630 1532 Berolinensis
659 1467 853 1532 occasione
886 1466 974 1530 belli
1007 1465 1278 1530 Rusio-Turcici
1311 1484 1428 1532 anno

286 1571 373 1636 1878
399 1572 603 1654 obsignata,
628 1573 665 1636 in
682 1590 754 1656 qua
785 1573 1014 1656 proclamata
1040 1579 1095 1636 est
1121 1571 1427 1654 independentia

285 1676 448 1755 Serviae,
466 1679 690 1744 Rbumaniae
706 1695 750 1744 ac
768 1677 1032 1760 MontisNigrl.

372 1783 427 1848 97.
477 1783 532 1846 Ad
546 1783 751 1850 firmitatem
765 1785 972 1866 pactionum
1004 1784 1099 1848 inter
1126 1783 1249 1850 Status
1277 1783 1427 1852 eadem

284 1889 460 1972 requisita
477 1891 688 1956 essentialia
705 1890 970 1968 desiderantur,
990 1908 1085 1973 quae
1100 1890 1148 1956 ad
1174 1890 1424 1958 validitatem

285 1999 536 2060 contractuum
552 1995 647 2060 inter
663 1997 827 2078 privatos
852 1996 1063 2062 necessaria
1096 2001 1192 2076 aunt,
1225 1997 1428 2082 nimirum,

284 2102 472 2192 capacitas
491 2103 764 2184 paciscentium,
783 2103 933 2168 libertas
961 2119 1159 2168 consensus
1176 2107 1212 2166 et
1239 2104 1423 2184 aptitudo

284 2207 439 2272 materia
455 2225 519 2271 seu
533 2207 678 2288 objecti,
698 2225 792 2290 quae
805 2213 989 2290 postrema
1008 2205 1168 2271 conditio
1183 2227 1290 2272 causa
1307 2208 1425 2274 licita

285 2315 331 2378 ab
345 2313 426 2378 aliis
444 2314 670 2379 denominari
687 2313 792 2380 solet:
812 2313 856 2378 de
872 2314 1024 2396 singulis
1043 2331 1108 2396 pro
1123 2329 1164 2378 re
1179 2319 1306 2378 nostra
1325 2332 1423 2396 per-

284 2437 404 2507 pauca
419 2419 671 2488 delibabimus.

368 2524 418 2590 1.⁰
460 2525 644 2604 capacitas
652 2525 864 2612 paciscendi.
875 2523 963 2590 Cum
978 2524 1240 2608 personalitate
1251 2527 1420 2607 propria

284 2632 345 2696 vel
359 2633 517 2714 genuina
535 2633 873 2714 repraesentatione
891 2637 965 2696 tum
983 2649 1108 2696 coram
1124 2631 1145 2696 J
1150 2648 1213 2695 ure
1237 2637 1314 2695 tum
1353 2649 1421 2698 co·

284 2756 363 2803 ram
379 2737 560 2804 Societate
576 2737 849 2803 internationali
866 2739 1035 2802 fruantur
1052 2756 1124 2802 non
1143 2735 1248 2802 modo
1268 2736 1422 2822 Status,

284 2861 412 2912 verum
428 2846 538 2910 etiam
554 2843 983 2928 SupremiModerotores
1014 2861 1212 2928 eorumque
1245 2844 1424 2926 Agentes

284 2950 531 3034 Diplomatici,
552 2953 618 3016 sub
647 2952 783 3033 triplici
800 2958 970 3032 respectu
1003 2951 1237 3016 considerare
1262 2959 1425 3032 oportet

285 3059 528 3140 capacitatem
546 3058 798 3138 contrahendi,
813 3059 954 3124 scilicet
972 3057 1091 3140 quoad
1108 3059 1206 3140 ipsas
1224 3059 1421 3140 nationes,

284 3171 445 3230 rectores
463 3164 623 3248 gentium
641 3170 751 3247 atque
768 3165 950 3228 ministros
963 3163 1303 3248 plenipotcrrciarioa
1323 3183 1422 3230 nun-

285 3277 449 3354 cupatos.

373 3381 408 3456 a)
457 3375 560 3458 Quod
590 3376 831 3442 adnationes
863 3379 1018 3458 spectat,
1039 3393 1098 3441 res
1131 3380 1323 3458 comperta
1358 3385 1423 3444 est

284 3481 406 3548 Status
420 3505 598 3568 supremos
615 3484 724 3566 plena
741 3485 949 3565 capacitate
965 3483 1128 3566 gaudere
1147 3500 1229 3548 sese
1242 3483 1423 3567 obligan-

285 3590 332 3652 di:
352 3589 382 3652 si
400 3607 487 3654 vero
502 3589 545 3653 de
561 3588 720 3654 Statibus
748 3591 945 3673 corapositta
976 3595 1121 3672 agatur,
1142 3607 1207 3672 pro
1238 3588 1423 3657 determi-

284 3695 406 3760 nanda
424 3697 685 3777 personalitate
698 3696 857 3778 juridica
870 3703 906 3760 et
919 3696 1032 3760 habili
1047 3697 1094 3760 ad
1108 3697 1422 3782 contrahendum,

282 3818 433 3866 necesse
451 3808 505 3865 est
522 3803 731 3866 attendatur
745 3803 886 3867 indoles
905 3819 948 3867 ao
967 3783 1100 3867 natur'a
1121 3802 1420 3886 compositionis3

283 3908 405 3974 Status
422 3909 611 3990 compositi
629 3910 863 3990 peruaioncm
874 3910 1105 3992 personalem,
1125 3907 1259 3991 singuli
1275 3910 1421 3990 aptitu-

284 4017 367 4082 dine
384 4016 523 4098 pollent
536 4015 745 4098 paciscendi
762 4023 872 4100 atque
885 4035 924 4080 se
949 4017 1216 4099 obstringendi,
1236 4018 1419 4100 quoniam

282 4122 447 4186 nativam
464 4122 784 4204 independentiam
815 4124 986 4204 retinent;
1006 4123 1102 4206 quod
1131 4123 1162 4188 si
1196 4124 1417 4204 conjunctio

280 4228 390 4304 ,realia
404 4227 525 4312 fuerit,
543 4246 638 4292 novo
656 4227 772 4294 Statni
789 4247 835 4294 ex
864 4229 1005 4294 lusione
1037 4230 1240 4312 emergenti
1265 4233 1418 4296 tantum
