3058 4994
560 363 678 422 -433
701 395 738 406 -

100 522 196 569 error
219 507 467 572 substantialis
495 507 775 572 conventionem
799 506 938 572 nnllam
966 505 1097 584 reddit,
1121 507 1207 589 quia

99 619 178 676 tunc
201 613 318 679 deficit
344 613 619 680 fundamentum
647 614 799 695 cujusve
829 618 1051 694 contractus,
1070 614 1106 678 id
1138 619 1206 695 est,

97 737 200 784 verns
225 739 434 802 consensus,
461 721 522 804 qui
549 721 586 784 in
613 738 690 786 rem
719 738 867 804 prorsus
898 724 935 784 et
962 721 1208 784 essentialiter

98 824 270 892 diversam
286 827 397 908 cadit;
412 827 468 892 vis
485 845 549 894 seu
566 828 709 892 coactio
726 827 879 908 physica
894 826 1082 908 pactiones
1098 826 1206 890 inter·

97 933 293 998 sationales
317 935 450 1016 irritat,
470 934 556 1017 quia
571 935 608 998 in
625 933 694 998 hoc
712 951 800 997 casu
817 951 889 996 non
907 932 1061 998 habetur
1080 933 1209 1014 plenus

22 1099 23 1102 ,
97 1055 134 1102 ac
162 1039 347 1120 perfectus
377 1057 574 1106 consensus
606 1039 652 1104 ad
680 1038 966 1104 contrahendum
997 1040 1206 1122 requisitus;

21 1177 22 1180 π
96 1144 141 1208 ita
166 1147 298 1212 scimus
316 1146 552 1212 Franciscum
568 1145 585 1210 I
603 1145 747 1212 Galliae
765 1146 901 1226 optimo
924 1146 1007 1227 jnre
1025 1146 1209 1212 rescissio-

95 1267 171 1315 nem
188 1253 385 1318 intendisse
402 1253 501 1336 pacti
528 1270 608 1318 cum
638 1250 768 1317 Carolo
787 1251 818 1314 V
836 1251 972 1316 Matriti
988 1251 1068 1316 initi
1087 1253 1131 1316 ob
1151 1252 1209 1316 de-

21 1365 23 1388 l
94 1359 222 1424 fectum
252 1361 448 1442 libertatis;
479 1361 626 1438 etenim,
657 1376 738 1424 cum
768 1359 834 1422 sub
869 1359 1087 1440 captivitate
1121 1359 1209 1422 deti-

21 1507 22 1546 ,
94 1473 246 1549 noratur,
275 1467 375 1534 nullo
404 1471 511 1550 pacto
541 1467 744 1549 perfectum
772 1482 988 1530 consensum
1017 1473 1209 1546 praestare

95 1573 216 1652 potuit.

177 1679 231 1744 Ex
259 1680 360 1746 vitiis
387 1679 549 1744 libertati
566 1695 764 1744 consensus
789 1676 982 1740 contrariis
1007 1675 1209 1742 eliminavi-

95 1801 166 1850 mus
198 1795 272 1852 tum
301 1788 497 1868 laesionem,
515 1786 603 1850 licet
634 1802 787 1866 gravem
816 1789 879 1848 aut
908 1801 1105 1877 enormem,
1125 1783 1211 1866 quia

96 1893 243 1974 supponi
272 1892 380 1956 debet
410 1892 533 1956 Status
560 1907 756 1973 eorumque
785 1893 1107 1972 repraesentantes
1137 1889 1211 1972 ple·
1293 1909 1296 1916 ’

21 2073 22 2090 ¹
95 2013 172 2062 nam
190 1999 452 2064 conscientiam
479 1998 615 2063 habere
643 2011 789 2062 enorum
815 2007 975 2076 actuum,
994 1997 1212 2060 relationum

21 2093 22 2122 ;
93 2103 304 2185 jndicarum,
324 2123 413 2188 quas
446 2105 516 2187 ipsi
544 2101 775 2182 contrahunt,
795 2120 939 2166 necnon
969 2103 1211 2166 consectario-

96 2225 181 2294 rum,
201 2229 369 2293 quaeex
398 2211 589 2276 conventis
607 2226 805 2290 exsurgere
835 2213 996 2290 possent;
1015 2215 1089 2270 turn
1116 2225 1211 2272 erro·

97 2332 166 2384 rem
182 2320 441 2402 occidentalem,
459 2319 630 2402 quoniam
656 2335 737 2382 cum
764 2335 806 2381 eo
825 2325 926 2382 recte
952 2317 1152 2382 consistere
1169 2334 1213 2380 ac

97 2428 259 2509 componi
276 2429 377 2492 valet
395 2445 592 2492 consensus
610 2443 757 2509 prorsus
777 2425 1007 2490 voluntarius
1036 2425 1135 2488 circa
1153 2425 1212 2489 ob-

95 2530 223 2609 jectum
252 2533 458 2616 principale
490 2533 662 2614 foedarim
694 2540 767 2596 turn
801 2531 958 2613 denique
988 2531 1214 2596 coactionem

98 2642 267 2722 inoratam,
286 2657 393 2704 secus
411 2641 506 2709 enim
523 2641 742 2725 gravissima
759 2637 990 2702 incommoda
1020 2654 1213 2720 sequeren·
1258 2691 1265 2706 .
1309 2715 1311 2718 ¹

20 2819 21 2824 ἵ
98 2749 159 2825 tur;
174 2748 228 2810 sio
245 2763 302 2810 err.
322 2765 378 2828 gr.
393 2747 424 2810 si
437 2749 625 2830 pactiones
643 2745 744 2828 pacis
763 2745 869 2826 rejici
888 2751 997 2827 atque
1015 2744 1215 2810 invalidari

99 2860 253 2936 possent,
272 2874 315 2920 eo
333 2856 428 2938 quod
446 2858 544 2920 natio
570 2856 716 2920 devicta
733 2855 799 2920 sub
819 2854 947 2936 aliqua
964 2855 1152 2936 pressione
1169 2853 1216 2918 sit

100 2957 212 3028 Status
237 2965 388 3028 victoris
416 2981 480 3028 seu
504 2963 780 3046 expugnatoris,
802 2961 922 3042 logice
948 2961 1215 3026 deveniendum

101 3079 187 3134 esset
204 3070 252 3134 ad
266 3070 509 3135 conditionem
526 3069 712 3134 exitialem
730 3075 767 3132 et
783 3086 874 3132 vere
890 3067 1098 3148 lugendam,
1117 3083 1214 3130 nern-

100 3186 151 3254 pe,
169 3175 216 3240 ad
234 3175 331 3240 bella
349 3174 483 3239 excidii
500 3179 536 3238 et
553 3174 767 3238 eversionis.

180 3285 234 3347 3.0
280 3281 449 3367 Aptitndo
462 3283 639 3348 materiae.
657 3281 781 3344 Tertia
798 3279 955 3344 conditio
971 3276 1215 3340 essentialiter

101 3390 269 3469 requisita
297 3389 344 3454 ad
373 3389 537 3454 valorem
560 3389 851 3460 ,conventionum
879 3380 1216 3448 internetionaiium

101 3489 132 3554 in
149 3512 189 3560 eo
208 3498 279 3560 sita
297 3501 365 3575 est,
386 3502 423 3560 ut
441 3497 607 3576 materia,
627 3496 727 3558 circa
744 3510 852 3575 quam
870 3495 1051 3570 versatur,
1070 3490 1118 3552 sit
1136 3507 1215 3570 pos-

102 3599 208 3668 sibilis
237 3603 403 3685 physice,
423 3603 611 3666 moraliter
640 3605 749 3683 atque
775 3597 943 3681 Juridice:
962 3597 1111 3682 physice,
1131 3595 1216 3678 quia

102 3711 189 3786 quod
216 3711 260 3775 de
284 3711 384 3776 facto
402 3709 627 3791 impossibile
658 3713 725 3787 est,
744 3725 810 3772 cen
836 3705 978 3770 nullum
1010 3709 1213 3785 reputatur;

104 3820 284 3900 moraliter,
297 3817 477 3900 siquidem
495 3815 746 3897 quodcumque
764 3813 923 3880 aeternis
950 3827 994 3874 ac
1013 3809 1215 3874 immutabi-

104 3917 188 3990 libus
211 3926 415 3992 honestatis
433 3923 611 3988 naturalis
639 3919 828 4005 principiis
852 3919 1072 3997 reluctatur,
1091 3917 1215 3980 intrin-

105 4039 180 4096 sece
203 4033 337 4098 malum
366 4037 434 4112 est,
453 4030 597 4096 omnino
622 4029 789 4094 illicitum
815 4027 970 4090 habetur
1004 4029 1041 4088 et
1068 4041 1216 4104 prorsus

105 4129 237 4208 irritum
266 4139 493 4218 aestimatum
516 4137 684 4223 juridice,
714 4135 799 4217 quia
827 4149 932 4198 omne
962 4135 1110 4214 pactum
1137 4130 1217 4194 Juri

106 4235 376 4316 Intornationali
409 4262 618 4328 repugnans
646 4261 792 4327 semper
824 4240 966 4308 censeri
993 4239 1101 4307 debet
1129 4245 1217 4306 tam·

1043 4346 1076 4398 aa
