3096 4986
565 389 722 448 -45-

19 613 20 620 ἵ
89 535 138 594 tur
154 548 222 613 per
241 531 464 597 sententiam
484 531 694 614 judicialem
714 549 758 596 ac
774 533 1012 614 suspensione
1030 551 1075 598 ex
1092 535 1202 599 intor-

19 621 20 626 *
89 645 175 702 mata
203 639 448 719 conscientia
477 656 564 721 ergo
596 639 810 704 Tridentina
844 639 1009 722 Synodus
1045 641 1202 706 Decreto

91 743 162 811 am
177 745 358 810 honestius
374 745 445 808 sibi
475 747 663 827 proposuit
690 745 880 828 Episcopis
913 746 1125 812 facultatem
1143 765 1202 812 ex-

90 852 365 916 traordinariam
383 853 586 917 concedere
603 871 738 918 novam
772 853 978 917 methodum
1009 855 1203 919 adhibendi

90 977 146 1041 pro
163 959 328 1024 vitandis
355 961 517 1042 peccatis
535 967 571 1023 et
597 959 798 1041 plectendis
832 960 976 1023 clericis
996 961 1033 1023 in
1060 961 1204 1024 casibus

90 1065 315 1147 specialibus,
333 1065 403 1130 hoc
419 1073 486 1144 est,
505 1065 543 1129 in
560 1066 680 1129 causis
698 1065 822 1130 delicti
840 1068 986 1146 occulti,
1014 1068 1049 1130 iu
1075 1067 1204 1149 quibus

91 1178 235 1254 propter
251 1173 388 1236 veteris
407 1171 646 1254 legislationis
662 1172 848 1253 judicialis
863 1172 1106 1237 deficientiam
1123 1191 1202 1256 pro·

92 1279 163 1343 cedi
178 1279 308 1361 nequit
323 1284 472 1342 servato
484 1278 576 1359 juris
594 1278 733 1341 ordine.

174 1383 248 1449 Alii
277 1402 366 1449 vero
395 1385 623 1466 canonistas,
643 1384 733 1448 duce
764 1383 879 1448 Bouix
909 1386 967 1466 (1),
998 1387 1203 1466 oppositam

93 1493 302 1555 sententiam
320 1497 447 1556 tenent
463 1499 668 1554 asserentes
686 1491 887 1573 Episcopos
904 1492 938 1554 in
958 1492 1111 1556 ferenda
1129 1510 1200 1555 sus-

94 1598 270 1678 pensionis
312 1597 495 1661 sententia
537 1597 736 1679 procedere
769 1615 875 1678 posse
909 1615 1134 1682 quocumque
1167 1599 1204 1662 in

94 1719 186 1784 casu,
204 1705 283 1768 sive
300 1705 345 1768 ob
364 1704 500 1767 crimen
529 1705 722 1784 occultum,
742 1705 820 1766 sive
850 1703 895 1766 ob
924 1705 1060 1768 crimen
1090 1705 1204 1786 publi-

95 1825 169 1872 cum
186 1827 249 1874 seu
270 1810 498 1892 judicialiter
523 1809 820 1890 demonstrabile3
839 1809 873 1872 in
893 1811 1204 1875 confirmationem

96 1933 176 1979 suae
189 1918 367 1999 opinionis
384 1917 476 1982 haec
491 1918 671 1980 rationum
690 1921 872 1980 momenta
890 1917 1062 1980 afferunt:
1083 1917 1132 1982 1.⁰
1149 1919 1205 1982 lit·

97 2027 203 2087 teram
233 2023 434 2088 Tridentini
463 2023 623 2105 Decreti‚
657 2042 741 2087 nam
771 2024 886 2088 verba
910 2046 953 2090 coc
994 2047 1205 2108 quocumque

99 2150 207 2206 causa,
237 2133 341 2195 etiam
373 2132 596 2196 oboccultum
628 2131 769 2211 crimen,
804 2132 978 2212 spectatis
1007 2132 1205 2212 praecipue

99 2251 196 2299 sensu
212 2237 478 2316 grammaticali
493 2241 528 2300 et
543 2237 737 2318 analogica
751 2238 1016 2320 significatione
1030 2239 1206 2318 adjectivi

100 2340 265 2405 indefiniti
282 2363 491 2426 quacumque
510 2349 545 2406 et
579 2345 845 2424 conjunctionis
876 2346 992 2424 ettam,
1011 2345 1204 2408 manifeste

101 2449 262 2513 evincunt
298 2449 532 2515 conciliarem
572 2451 846 2533 dispositionem
884 2459 1031 2534 praeter
1073 2453 1207 2516 delicta

103 2556 233 2619 occulta
260 2557 334 2620 alia
366 2575 509 2638 quoque
527 2559 679 2621 crimina
704 2559 909 2640 complecti:
942 2557 994 2621 2.⁰
1027 2559 1151 2622 varias
1170 2563 1208 2622 et

104 2661 256 2744 antiquas
277 2661 471 2727 Sacrorum
504 2661 835 2746 Congregationum
869 2665 1073 2728 decisiones
1108 2666 1207 2728 latae

104 2766 382 2850 interpretationi
414 2771 596 2850 faventes,
617 2771 834 2851 praesertim
853 2777 973 2834 autern
991 2771 1206 2835 declaratio-

104 2890 173 2939 nem
202 2877 462 2942 affirmativam
492 2895 586 2940 anno
617 2877 702 2940 1863
736 2877 869 2942 editam
902 2879 937 2941 in
967 2879 1207 2942 celeberrima

105 2983 517 3064 causaPresbyterorum
543 2985 673 3048 ltaliae
704 2982 834 3048 carolo
864 2984 1056 3066 Passaglia
1075 2985 1205 3048 adbae·

105 3087 256 3171 rentium,
278 3088 322 3153 de
355 3107 428 3172 qua
459 3097 587 3172 postea
619 3091 821 3173 loquemur:
841 3091 893 3154 3.⁰
912 3109 1062 3172 scopum
1094 3091 1207 3171 ipsius

105 3189 253 3276 Concilii,
284 3197 418 3260 etenim
451 3195 700 3261 Tridentinum
729 3197 876 3261 minime
904 3197 1058 3261 intendit
1075 3214 1207 3260 novam

104 3297 207 3380 legem
225 3303 336 3383 ferre,
356 3321 449 3385 quae
481 3311 643 3368 veterem
673 3323 822 3386 prorsus
841 3306 1037 3386 abrogaret
1054 3305 1115 3368 vel
1133 3305 1204 3367 uni-

104 3420 234 3472 versam
266 3409 534 3491 legislationem
563 3411 776 3490 judicialem
805 3411 994 3475 Ecclesiae
1029 3411 1205 3490 aboleret,

104 3515 211 3589 prouti
241 3514 433 3580 evidenter
460 3517 645 3598 colligitur
676 3535 722 3580 ex
751 3518 925 3599 explicita
959 3517 1209 3582 declaratione

105 3615 251 3694 ciusdem
266 3618 403 3702 Synodi
422 3618 671 3697 “Constitutio,
691 3622 757 3684 sub
775 3621 988 3685 Innocentio
1005 3621 1058 3686 ΙΙΙ
1071 3624 1108 3686 in
1126 3641 1208 3686 oon-

106 3721 179 3786 cllio
207 3727 383 3808 generali,
414 3745 507 3810 quae
534 3729 663 3810 incipit
694 3727 850 3802 Qualiter
877 3736 908 3794 et
936 3731 1208 3813 praeostensam

109 3833 395 3915 sanctasynodus
425 3833 462 3896 in
490 3835 677 3915 praesenti
709 3836 873 3915 innovat,
903 3835 948 3900 ab
968 3837 1131 3900 omnibus
1149 3836 1208 3898 ob-

110 3941 293 4021 servetur’';
313 3937 378 4003 sed
405 3940 525 4021 potius
544 3941 658 4005 voluit
685 3941 884 4006 remedium
909 3941 1102 4026 praebere,
1137 3959 1209 4023 quo

110 4113 250 4134 ’κ’-ι-

175 4273 208 4342 (1)
244 4277 286 4331 Dc
293 4275 409 4346 judiciis
421 4273 614 4342 ecclesiasticis,
629 4275 665 4342 11,
680 4281 740 4333 825.
