3058 4994
552 401 731 458 ..443-

104 541 386 608 tevulnerantnr:
404 543 488 608 inde
511 543 719 608 necessario
750 542 913 624 exsurgit
943 541 1117 638 obligatio
1150 543 1203 608 in·

104 649 336 714 ternationalis
354 650 516 714 ordinem
545 651 717 714 socialem
736 651 880 714 actione
898 648 1072 730 culpabili
1092 653 1203 732 atque

103 753 285 834 inputabili
304 756 402 838 apud
414 762 540 838 gentes
555 756 785 820 deturbatum
799 774 843 820 ac
857 756 1034 821 violatum
1051 772 1200 836 prorsus

103 861 325 926 restaurandi.
344 861 459 942 Igitur
482 863 582 926 facta
605 863 736 926 illicita
752 878 818 944 per
847 859 969 924 Status
989 865 1203 944 perpetrata

103 969 259 1050 originem
288 969 447 1052 infauste
475 971 803 1054 frequentissimam
835 971 1014 1052 praebent
1042 969 1200 1032 existen-

102 1075 162 1138 tiae
177 1081 284 1159 atque
301 1076 551 1158 adimpletioni
569 1077 831 1158 obligationum
848 1076 1201 1154 internationalium‚

100 1182 126 1244 si
140 1183 229 1247 notio
251 1184 416 1264 justitiae
435 1202 479 1248 ac
501 1185 682 1266 principia
699 1185 895 1266 aequitatis
914 1183 1098 1248 servanda
1116 1183 1199 1246 sint.

177 1289 248 1353 109.
297 1294 411 1354 Actus
439 1290 557 1354 illiciti
584 1291 628 1354 ab
646 1289 748 1354 Statu
776 1289 946 1354 laedente
976 1291 1113 1371 patrati
1142 1288 1201 1354 du·

98 1393 173 1473 plex
189 1395 346 1460 danaum
364 1395 499 1460 inferre
513 1403 663 1478 possunt
677 1396 867 1460 materiale
885 1413 1015 1477 nempe
1030 1414 1073 1459 ac
1087 1413 1203 1458 mora-

98 1499 139 1580 le3
158 1501 242 1566 illud
259 1503 297 1566 in
314 1508 420 1584 parte
437 1503 590 1584 physica
607 1521 670 1568 seu
687 1504 767 1585 ipsa
784 1520 824 1567 re
843 1503 1006 1566 sensibili
1020 1508 1201 1580 versatur,

99 1604 157 1670 hoc
171 1626 257 1674 vero
277 1609 490 1691 dignitatem
508 1610 665 1673 nationis
682 1610 807 1674 laesae
823 1608 985 1690 respicit:
1005 1609 1089 1672 hinc
1107 1610 1203 1672 actio

98 1711 321 1780 damnificans
339 1717 400 1779 vel
427 1715 602 1796 injuriosa
620 1717 709 1780 duas
740 1717 848 1780 etiam
868 1716 1109 1797 obligationes
1126 1713 1203 1780 Sta·

100 1821 143 1883 tui
165 1821 428 1886 damnificatori
445 1827 508 1886 aut
524 1823 698 1886 offensori
715 1823 882 1904 injungit,
899 1823 1079 1904 nimirum,
1098 1839 1203 1904 repa·

101 1928 268 1994 rationem
284 1929 512 1993 materialem
530 1935 639 2009 atque
652 1930 838 1992 moralem.
866 2010 872 2022 .

175 2035 369 2117 Reparatio
399 2036 594 2100 materialia
622 2041 771 2117 propter
796 2037 932 2100 factum
960 2035 1124 2098 illicitum
1143 2037 1206 2096 aut

100 2139 256 2220 injuriam
275 2141 396 2205 debita
413 2141 464 2204 fit:
479 2142 509 2223 a)
523 2158 599 2204 rem
611 2125 832 2222 restituendo,
849 2143 917 2205 hoe
936 2146 1002 2210 est.
1019 2139 1203 2205 reddendo

99 2245 181 2311 idem
197 2249 431 2328 territorium,
451 2248 545 2312 idem
563 2250 750 2330 vexillum,
767 2249 893 2312 eadem
911 2246 1202 2328 propugnacula,

99 2353 231 2419 eosdem
249 2353 382 2418 milites
400 2363 539 2436 captos,
554 2361 592 2418 ut
605 2357 657 2418 ita
671 2359 925 2418 nocumentum
943 2369 1091 2434 prorsus
1105 2352 1204 2414 aufe-

98 2465 201 2542 ratur;
219 2459 243 2540 b)
270 2461 438 2524 damnum
456 2463 494 2524 in
522 2463 644 2541 specie
661 2461 892 2540 resarciendo,
911 2460 996 2541 quia
1008 2459 1059 2521 sic
1085 2468 1205 2539 postu·

99 2563 144 2628 lat
169 2575 269 2632 recta
281 2567 437 2649 justitia;
456 2569 480 2646 ο)
499 2566 747 2648 compensando
773 2565 959 2646 quaelibet
989 2563 1207 2627 detrimenta

100 2675 330 2755 expositione
347 2683 449 2738 actus
468 2673 585 2736 illiciti
612 2672 789 2754 profecta,
806 2672 937 2734 etenim
956 2671 1106 2752 ponenti
1125 2689 1205 2734 cau·

100 2796 166 2844 sam
194 2781 366 2862 imputari
394 2781 526 2844 debent
544 2781 621 2862 ejus
650 2780 815 2842 effectus.
847 2778 1044 2860 Reparatio
1062 2781 1207 2844 moralia

99 2884 226 2951 sistitur
243 2891 281 2951 in
298 2887 520 2970 praestanda
547 2885 664 2950 Statui
681 2885 780 2949 laeso
807 2885 916 2966 plena
941 2886 1205 2966 satisfactione,

100 2992 266 3077 simulque
290 2995 326 3058 in
344 2994 550 3058 sanciendis
568 2994 698 3058 mutuis
717 2993 956 3075 cautionibus,
973 3011 1018 3057 ne
1033 2995 1069 3056 in
1088 3000 1205 3074 poste-

101 3114 169 3164 rum
185 3102 338 3166 iteretur
351 3102 516 3166 violatio.
