3096 4986
782 365 941 426 ..00-

299 530 403 594 quam
419 509 572 576 humano
589 508 692 575 laicis
709 515 866 594 potestus
892 509 990 576 aella
1007 509 1046 574 ia
1069 508 1320 574 eccleciaaiiraa
1342 527 1431 592 per·
1539 543 1540 558 κ

300 635 404 680 sonos
416 616 584 680 attributo
602 613 757 697 ait—(ll,
775 615 969 680 affirmatio
987 611 1139 680 Concilil
1153 611 1433 678 (lumniensis-
1539 663 1540 678 2

302 723 555 786 immunitatem
584 722 851 788 vetustissimam
869 741 953 803 etse,
974 722 1060 808 jora
1081 721 1222 804 paritor
1249 719 1367 786 divino
1395 726 1433 784 at
1539 737 1540 790 ξ

302 828 451 893 humano
480 825 823 907 introductam-(2),
855 831 966 909 atque
992 825 1169 908 explicita
1196 826 1430 890 asseveratio
1539 839 1540 842 ’

303 949 386 1016 cap.
402 932 625 1014 Quincunu
642 933 666 998 4
681 934 722 1003 da
742 931 905 1001 Genabos
920 935 958 998 in
972 934 1039 1016 69,
1057 935 1095 998 in
1105 950 1182 1016 ¹quo
1210 933 1262 998 ita
1275 933 1429 1015 legitur:

306 1038 390 1108 Cam
406 1042 513 1126 ἱρέων
530 1040 719 1121 Ecclesiae,
748 1039 1081 1125 Ecclesiasticaeqac
1100 1059 1273 1125 personae
1301 1061 1342 1104 uc
1368 1060 1434 1104 ree
1539 1027 1540 1068 3

303 1148 463 1232 ipsoram
491 1147 684 1212 conscium
703 1149 790 1232 jare
817 1147 975 1230 humano,
996 1148 1149 1232 quinimo
1180 1155 1212 1212 et
1241 1147 1373 1228 divino,
1402 1167 1431 1212 a

304 1254 538 1318 saecularium
551 1274 785 1339 personarum
799 1257 1038 1321 coactionibus
1053 1258 1126 1321 siat
1137 1256 1348 1320 tantona...

394 1359 449 1424 Ex
465 1361 599 1424 ratione
618 1359 758 1424 demum
784 1361 929 1425 videtur
949 1361 1073 1444 colligi
1090 1361 1193 1440 origo
1210 1360 1337 1425 divina
1362 1359 1433 1422 im·

306 1464 532 1544 munitatum,
552 1465 685 1528 etenim
702 1483 783 1529 cum
802 1483 848 1530 ex
865 1465 932 1530 Dei
950 1467 1140 1530 voluntate
1156 1482 1348 1548 personae,
1377 1463 1434 1528 lo·
1539 1541 1540 1556 χ

305 1577 473 1636 caetras
491 1588 621 1635 sacrae
638 1572 788 1636 servitio
807 1572 930 1636 divino
949 1571 1072 1636 dicata
1087 1581 1183 1652 sunt,
1202 1587 1356 1653 pronum
1372 1575 1435 1634 cst
1539 1569 1540 1620 ἴ

306 1678 489 1757 conjicere
508 1695 553 1740 ex
569 1678 649 1758 ipsa
671 1676 740 1742 Dei
772 1677 1002 1742 ordinatione
1035 1675 1196 1742 Clericos
1230 1693 1435 1758 eorumque
1539 1679 1540 1740 3

307 1801 365 1847 res
382 1789 599 1865 apotastate
628 1785 809 1850 saeculari
841 1802 921 1849 esse
946 1783 1158 1850 eximendos
1187 1789 1224 1848 et
1240 1782 1435 1848 Ecclesiae
1539 1801 1540 1804 ¹

306 1889 515 1952 auctoritati
533 1907 682 1971 prorsus
699 1890 933 1971 addicendam
951 1891 1110 1956 maxime
1122 1907 1203 1954 cum
1218 1906 1307 1954 vere
1331 1888 1434 1954 inde·

307 2012 431 2059 corum
449 2000 558 2078 atque
575 2013 802 2078 summopere
833 1997 1095 2062 inconveniens
1114 2001 1294 2078 appareat
1317 1994 1429 2060 Cleri·
1539 1989 1540 2004 ¹

307 2117 382 2182 cos,
399 2103 613 2182 pracsertim
632 2103 669 2166 in
686 2101 812 2166 ordine
826 2103 1004 2184 judiciali,
1023 2103 1220 2185 gubernari
1245 2107 1281 2166 et
1309 2102 1435 2183 puniri

311 2207 461 2288 alcima,
482 2208 576 2290 quod
593 2207 689 2272 idem
706 2215 803 2272 esset
819 2227 863 2272 ac
879 2227 967 2274 oves
985 2214 1151 2291 pastores
1165 2207 1387 2290 judicarent.

398 2311 485 2377 Cum
503 2315 613 2395 igitur
633 2312 853 2378 Clericornm
868 2315 1076 2380 immunitas
1109 2333 1131 2378 a
1158 2316 1237 2380 foro
1270 2315 1365 2380 laico
1395 2315 1436 2378 in

309 2419 474 2483 Ecclesia
492 2427 667 2501 perpetuo
686 2425 722 2484 et
738 2425 948 2484 constanter
966 2421 1164 2484 observata
1180 2421 1302 2497 inerit,
1337 2421 1434 2500 ejus·
1539 2435 1540 2474 ὲ

308 2543 378 2607 que
393 2525 532 2588 initium
550 2525 728 2608 nequead
744 2526 951 2608 Apostolos,
970 2544 1087 2609 neque
1100 2527 1146 2590 ad
1159 2526 1323 2592 Summos
1339 2527 1435 2591 Pon·
1539 2561 1540 2612 3

311 2632 436 2710 tiliceS,
457 2649 573 2713 neque
602 2632 648 2695 ad
666 2631 828 2698 Concilio
846 2632 1107 2715 Episcoporum
1137 2634 1268 2698 referri
1301 2634 1434 2716 possit,
1539 2637 1540 2680 ἑ

310 2739 365 2802 fas
384 2744 439 2800 cst
458 2739 687 2821 concludere,
714 2741 821 2820 juxta
851 2741 1141 2820 patrocinatores
1161 2741 1311 2822 originis
1340 2741 1435 2805 divi·
1539 2717 1540 2796 ξ

310 2861 392 2922 nae,
407 2845 693 2908 ecclesiasticam
710 2846 973 2910 immunitatem
988 2863 1010 2910 a
1020 2847 1103 2928 jure
1117 2847 1240 2912 divino
1255 2865 1336 2912 esse
1349 2865 1436 2929 pro·
1539 2861 1540 2936 l

312 2951 459 3014 sectam.
1539 3005 1540 3012 a

400 3057 454 3120 31.
504 3053 571 3135 Qui
589 3073 678 3120 vero
693 3074 773 3120 cum
792 3056 1053 3139 Covarruvias,
1069 3057 1190 3122 Natali
1206 3059 1434 3143 Alexandro,

311 3163 483 3242 Duvallo,
504 3164 732 3244 caeterisque
750 3165 949 3227 canonistis
968 3171 1157 3228 autumant
1181 3168 1437 3248 exemptiones
1539 3151 1540 3182 *

310 3269 534 3334 Clericorum
548 3268 668 3350 quoad
686 3285 743 3332 res
761 3270 981 3357 temporales
1010 3276 1047 3334 et
1065 3287 1196 3336 causas
1225 3272 1437 3337 criminales

311 3395 334 3440 a
350 3379 431 3458 Jure
449 3375 699 3439 ecclesiastico
718 3381 834 3440 ortum
852 3375 997 3457 ducere,
1015 3376 1116 3441 hisce
1132 3379 1357 3459 argumentis
1383 3381 1437 3442 ni·

313 3489 448 3546 tuntur:
470 3481 532 3562 1.⁰,
547 3483 582 3544 in
597 3481 700 3546 Novo
714 3481 945 3545 Testamento
959 3483 1060 3546 nulla
1073 3483 1132 3546 lex
1146 3484 1364 3566 evangelica
1380 3501 1437 3550 re·
1539 3471 1540 3528 l

314 3589 465 3670 peritur,
486 3606 579 3669 quae
597 3587 757 3652 Clericos
777 3607 798 3650 a
814 3588 1067 3668 jurisdictione
1086 3589 1291 3671 Principum
1308 3607 1437 3656 saecu·

314 3696 443 3758 larium
461 3695 608 3772 eximat3
629 3693 723 3757 unde
736 3694 806 3757 dici
824 3701 944 3775 potest
962 3712 1024 3760 eos
1042 3695 1123 3777 lege
1141 3696 1300 3760 humana
1314 3713 1438 3762 exem·
1539 3699 1540 3740 l

316 3807 396 3884 ptos
415 3817 507 3880 esse,
528 3817 608 3862 cum
623 3799 723 3863 nulla
739 3801 786 3862 sit
803 3801 863 3864 lex
882 3818 970 3865 vere
987 3809 1024 3866 et
1041 3803 1191 3884 proprie
1223 3801 1361 3883 divina,
1398 3807 1439 3870 vi
1539 3789 1540 3840 1

312 3927 358 3973 ac
375 3913 558 3991 potestate
576 3906 743 3989 praedita
770 3914 853 3988 post
885 3905 1017 3972 Christi
1047 3909 1245 3974 adventum
1274 3909 1439 3976 Clericos

385 4183 424 4246 (l)
463 4183 537 4233 Sess.
552 4181 604 4233 IX.

387 4255 424 4321 (2)
463 4252 538 4304 Part.
551 4251 572 4304 1.
587 4267 648 4318 cap.
663 4253 705 4304 20.
