3058 4994
816 365 995 424 ..443-

343 507 390 571 ad
418 523 547 589 paoem
573 507 837 574 asservandam
867 506 1024 574 ordinati
1052 509 1211 591 ponitur,
1231 510 1267 574 in
1295 527 1339 574 eo
1367 511 1460 591 quod

344 619 444 678 reete
461 613 661 678 consistere
678 631 723 678 ao
747 615 915 696 oomponi
933 618 1043 697 queat
1058 633 1140 680 oum
1156 618 1460 698 negotiationibus

343 719 504 798 directis,
523 718 643 784 dume
660 725 788 784 eontra
816 721 954 784 caeteri
981 737 1151 785 recursus
1180 721 1338 803 petilini,
1357 721 1461 786 inter·

342 831 455 891 ventu
480 826 754 892 internetionali
779 827 909 908 fulciti,
928 827 1121 892 terminum
1139 829 1398 910 eujusonmque
1417 828 1460 890 dl-

304 969 305 972 =
342 933 563 1016 plumatioae
577 933 752 1014 gestionis
765 933 973 998 necessario
992 933 1184 1016 implioant
1198 941 1234 999 et
1250 935 1459 1018 deposcunt.

283 1107 284 1110 ,
433 1039 508 1104 115.
557 1039 725 1106 Mediatio
758 1039 847 1104 nihil
881 1039 980 1104 aliud
1012 1045 1069 1104 est
1101 1058 1209 1122 quarn
1242 1041 1460 1106 interventio

343 1145 435 1210 alius
463 1145 586 1210 Status
617 1146 654 1210 in
681 1146 790 1210 robus
819 1146 1055 1212 contentiosis
1084 1147 1240 1212 allorum
1270 1151 1393 1212 mente
1422 1163 1461 1208 ao

343 1253 494 1318 oonsilio
508 1253 672 1335 partibus
687 1253 964 1335 oonffigentibus
978 1271 1143 1320 normam
1158 1253 1399 1336 proponendi,
1410 1252 1462 1316 eui

343 1359 525 1424 mediante
554 1361 802 1424 transactione
820 1361 882 1425 vel
905 1357 1097 1424 contractu
1115 1361 1288 1424 assentiri
1319 1364 1460 1443 queant.

342 1465 513 1530 Mediatio
542 1465 793 1531 characterem
823 1484 922 1532 mere
951 1466 1139 1547 moralem,
1159 1483 1232 1531 non
1261 1469 1386 1532 autem
1411 1468 1461 1548 ju·

342 1574 494 1639 ridioum
511 1574 638 1654 induit,
657 1581 731 1638 tum
748 1575 835 1657 quia
852 1573 1030 1638 mediator
1047 1590 1242 1655 personam
1261 1575 1339 1657 agit
1371 1575 1459 1639 baud

338 1681 484 1762 judicis,
503 1680 567 1744 sed
591 1681 699 1744 amisi
729 1681 915 1763 utriusque
942 1681 1101 1744 nationis
1129 1681 1350 1746 solutionem
1380 1682 1460 1746 olie-

342 1788 468 1866 rentis‚
485 1787 571 1869 quin
587 1793 712 1868 partes
730 1787 976 1868 disceptantes
1001 1793 1196 1850 teneantur
1214 1789 1335 1869 ipsam
1368 1805 1458 1852 acce-

342 1899 459 1975 ptare:
479 1899 553 1958 tum
579 1893 690 1958 etiam
709 1895 795 1976 quia
810 1893 995 1975 negotium
1009 1893 1135 1958 definit
1149 1894 1258 1974 juxta
1272 1895 1458 1977 aequitatis

342 2001 501 2082 regulas,
521 2001 666 2065 minime
684 2017 773 2064 vero
799 2000 1009 2064 secumdum
1034 2001 1217 2083 prinnipia
1234 2002 1356 2066 stricti
1371 2001 1390 2064 J
1395 2001 1457 2064 uris

341 2107 503 2188 positivi.

348 2243 349 2252 ¹
430 2214 622 2280 Mediatori
638 2214 849 2278 incumbunt
873 2214 1028 2296 quedam
1043 2215 1129 2295 jura
1155 2217 1191 2280 et
1208 2215 1453 2298 obligationes:

341 2321 411 2407 ipsi
436 2321 609 2402 competit
626 2321 737 2402 plena
755 2321 914 2402 cognitio
934 2322 987 2386 roi
1012 2327 1291 2402 controversae3
1310 2321 1390 2386 blno
1404 2322 1454 2402 jus

342 2429 452 2492 habet
468 2447 591 2492 omnes
609 2429 845 2509 probationes
863 2445 906 2491 ao
933 2429 1150 2492 dooumenta
1170 2429 1356 2511 exigendi,
1373 2445 1454 2510 quse

341 2553 407 2616 pro
425 2539 527 2598 recta
544 2535 725 2598 solutione
741 2533 859 2598 lucem
877 2519 1068 2598 attondere
1086 2541 1234 2617 queunt;
1249 2535 1336 2616 jure
1355 2536 1453 2599 etiam

342 2641 456 2721 pollet
483 2659 584 2705 suam
609 2639 917 2705 interventionem
934 2641 1159 2722 removendi,
1178 2643 1208 2706 si
1226 2647 1352 2724 partes
1382 2658 1452 2705 oon-

341 2748 531 2811 tendentes
549 2748 815 2829 negotiationes
832 2747 1008 2830 abruptas
1032 2748 1240 2812 restabilire
1258 2747 1451 2821 intendant,

340 2855 376 2917 in
403 2871 473 2934 quo
492 2853 658 2935 equidem
691 2853 860 2918 mediatio
885 2872 907 2916 a
926 2853 1030 2918 bonis
1060 2854 1189 2918 olfioiIs
1218 2853 1452 2918 essentialiter

340 2959 477 3024 differt:
497 2959 675 3024 mediator
691 2961 840 3042 insuper
869 2960 998 3024 stricta
1024 2961 1246 3040 obligatione
1265 2965 1408 3040 tenetur
1422 2958 1452 3020 in

340 3073 507 3131 neutram
535 3066 720 3130 nationem
738 3083 818 3130 sese
835 3066 1047 3148 inclinandi,
1067 3068 1152 3149 quia
1167 3067 1316 3154 vinculo
1344 3063 1451 3130 amici·

340 3175 414 3238 tiae
432 3174 575 3256 utrique
592 3172 709 3238 Statui
734 3173 868 3254 ligatus
897 3175 1035 3256 absque
1066 3173 1139 3238 ullo
1158 3173 1382 3256 praeJudioio
1399 3170 1451 3234 vel

340 3280 457 3344 studio
477 3281 647 3362 partium,
663 3281 770 3360 juxta
798 3280 1016 3344 inconeussa
1033 3279 1228 3362 aequitatis
1246 3285 1283 3344 et
1298 3278 1450 3362 justitiae

339 3387 533 3468 principia,
553 3387 840 3452 controversiam
860 3385 1031 3450 dirimere
1049 3386 1301 3467 adstringitur.
1325 3379 1450 3450 Adduoi

340 3497 461 3575 potest
479 3494 581 3557 velut
599 3493 835 3556 novissimum
851 3493 1059 3574 exemplum
1085 3492 1315 3556 mediationis
1332 3487 1449 3556 solutio

340 3619 362 3663 a
386 3599 530 3664 Summo
559 3599 733 3664 Pontifioe
751 3598 871 3663 Leone
900 3598 990 3662 XIII
1019 3597 1214 3663 Guberniis
1244 3596 1448 3682 Germanico

340 3711 450 3788 atque
475 3707 674 3788 Hispanico
705 3706 892 3788 proposita
916 3705 962 3770 ad
990 3705 1187 3770 finiendam
1213 3705 1448 3787 quaestionem

340 3813 598 3878 circa·Insulas
617 3812 808 3878 Carolinas
824 3816 1048 3892 versantem3
1064 3811 1232 3894 quamvis
1257 3813 1353 3877 euim
1367 3811 1448 3889 ejus·

339 3920 436 3984 modi
450 3920 659 3984 Pontifiqus
676 3920 904 3985 interventus
922 3919 1050 3984 afferri
1067 3920 1186 3984 soleat
1201 3924 1383 4002 tamquam
1399 3931 1447 3978 ea·

339 4045 400 4090 sus
429 4027 777 4108 arbitratuS,tamen
803 4027 964 4108 spectari
991 4025 1100 4091 debet
1129 4042 1197 4090 eeu
1214 4043 1305 4091 vera
1327 4021 1445 4089 media·

339 4133 403 4214 tio,
423 4134 600 4214 siquidem
617 4151 690 4199 non
709 4134 887 4216 agebatur
904 4133 948 4196 de
975 4133 1157 4198 sententia
1173 4132 1337 4212 ferenda,
1349 4131 1445 4213 juxta

338 4241 649 4322 praescriptiones
667 4239 688 4304 J
692 4241 765 4304 uris
783 4240 900 4304 stricti
917 4244 979 4305 aut
996 4229 1157 4323 positivi,
1175 4239 1240 4305 sed
1257 4243 1390 4304 tautum
1405 4233 1444 4296 de
