3038 4994
555 360 734 418 -231-

19 503 21 520 '
95 505 161 569 siae
175 504 384 569 libertatem
409 503 770 587 sellettatemquerel
787 503 944 568 maxime
962 501 1204 588 conduceret„

19 643 20 650 κ
94 629 140 690 -;
157 609 313 693 denique
329 609 436 674 Bulla
451 607 671 694 Apostolicue
688 609 789 674 Sedis
808 607 850 672 tu
865 606 1033 674 Octobris
1051 607 1149 690 1869,
1169 610 1207 672 in

93 735 155 798 qna
170 717 238 780 sub
252 735 350 780 num.
369 715 440 781 XII
458 716 589 780 iterum
602 716 799 780 innovatur
812 715 1139 778 excommunicatio
1155 714 1206 778 la-

94 829 143 887 tae
159 823 367 888 sententiae
391 823 544 905 speciali
563 821 668 886 modo
684 822 846 886 Romano
859 820 1025 886 Pontifici
1041 837 1206 885 reserva·

92 941 123 993 ta
137 938 266 994 contra
296 928 552 1009 “invadentes
580 927 821 1008 destruentes,
841 927 1059 1008 detinentes,
1085 943 1151 1009 per
1167 943 1206 990 se

91 1036 143 1100 rel
157 1053 224 1118 per
243 1037 350 1118 alios,
381 1034 570 1116 Civitates,
590 1034 736 1116 Terras,
751 1033 834 1098 loca
849 1039 913 1098 aut
924 1035 1010 1114 jura
1023 1032 1069 1097 ad
1082 1031 1206 1097 Eccle·
1323 1123 1324 1126 Ἴ

89 1145 170 1208 siam
187 1143 390 1208 Romanam
407 1142 642 1224 pertinentia
661 1141 722 1206 vel
739 1145 972 1224 usurpantes,
989 1138 1206 1223 perturban-

92 1257 137 1313 tes
162 1267 373 1332 supremam
388 1247 681 1330 jurisdictionem
698 1248 736 1312 in
753 1247 819 1326 eis,
837 1263 981 1311 necnon
998 1245 1046 1309 ud
1062 1245 1206 1328 singula

89 1355 273 1435 praedicta
290 1355 479 1435 auxilium,
498 1354 702 1436 consilium,
720 1355 887 1418 favorem
905 1353 1159 1435 praebentes,.

167 1463 499 1528 Praetermittimus
532 1463 738 1526 recentiora
766 1461 899 1526 Leonis
927 1459 1016 1525 XIII
1048 1459 1206 1542 gloriose

88 1571 270 1651 regnantis
288 1569 507 1650 testimonia,
527 1567 607 1633 cum
635 1568 953 1651 frequentissimae
974 1571 1017 1630 -et
1041 1565 1206 1630 omnibus
1237 1584 1239 1591 ·

88 1677 292 1741 notissimae
308 1676 382 1740 siut
399 1676 568 1758 publicae
584 1675 747 1738 Litterae
775 1679 812 1738 et
829 1673 1045 1756 praeclarae
1062 1671 1206 1759 Allocu-

88 1783 208 1866 tiones,
227 1784 268 1847 in
285 1784 414 1866 quibus
430 1782 720 1864 sapientissimus
737 1781 906 1846 Pontifex
920 1781 1058 1862 jugIter
1074 1779 1208 1844 asserit

88 1891 340 1954 necessitatem
357 1889 587 1971 Principatus
601 1889 734 1954 civilis.

167 1997 248 2062 131.
298 1997 426 2062 Sensus
443 1995 694 2061 traditionalis.
715 1994 881 2076 Demum,
909 1993 1133 2076 argumentis
1150 2009 1206 2056 su·

88 2104 202 2182 parius
215 2103 386 2168 adductis
411 2101 618 2184 adjicienda
634 2105 691 2165 est
707 2099 930 2184 conspiratio
964 2100 1074 2176 totius
1108 2097 1206 2162 Chri-

88 2210 188 2274 atiani
213 2211 315 2275 orbis
343 2211 380 2274 in
406 2208 605 2272 asserenda
638 2207 810 2272 libertate
842 2205 977 2271 Summi
1008 2204 1205 2284 Pontificis,

89 2317 290 2401 tuendoque
303 2316 497 2398 temporali
514 2333 558 2379 ao
575 2315 676 2378 civili
704 2315 861 2380 dominio
884 2313 1061 2394 Statuum,
1080 2313 1142 2394 qui
1161 2309 1208 2374 ad

89 2426 286 2506 eumpleno
300 2425 383 2505 jure
407 2423 603 2506 pertinent,
631 2421 817 2487 iubenum
834 2421 1022 2486 Ecclesiae
1054 2437 1098 2484 ac
1126 2418 1207 2483 reli·

88 2531 208 2612 gionis.
317 2515 324 2530 '

167 2637 357 2720 Ejusmodi
372 2637 592 2702 universalis
618 2653 816 2700 consensus
845 2636 1000 2716 primum
1025 2634 1208 2716 colligitur

88 2746 304 2810 exananimi
331 2746 565 2827 episcopatus
593 2744 775 2807 sententia
806 2743 957 2806 mirifice
979 2743 1155 2825 ‘exposita
1171 2743 1209 2806 in

88 2857 178 2934 roto,
199 2852 381 2936 quodhac
413 2851 457 2915 de
473 2869 514 2914 re
542 2850 713 2932 Episcopi
730 2866 862 2930 magne
892 2867 1044 2914 numero
1073 2849 1208 2914 Romae

88 2955 257 3039 degentes
275 2975 370 3021 anno
389 2957 476 3021 1862
494 2955 637 3020 Summo
653 2955 819 3019 Pontifici
836 2954 899 3019 Pio
913 2955 966 3019 IX
986 2955 1206 3035 obtulerunt,

89 3069 119 3124 et
133 3065 191 3128 oui
206 3064 347 3129 caeteri
365 3081 431 3145 per
449 3065 573 3127 orbem
590 3063 746 3144 dIspersi
760 3062 952 3126 Antistites
966 3062 1208 3126 firmissimum

87 3185 271 3235 assensum
290 3171 519 3252 praestitere;
550 3169 604 3234 ita
621 3169 716 3233 enim
733 3169 888 3233 dlaserte
920 3185 964 3232 ac
989 3173 1136 3231 strenue
1161 3165 1208 3230 ad

88 3291 253 3360 magnum
270 3276 480 3340 Pontificem
509 3276 609 3339 Pium
634 3275 688 3340 IX
715 3270 1208 3357 alloquebantur:“0ivi1em

88 3379 240 3448 Sanctae
266 3382 368 3447 Sedis
387 3382 635 3464 Prinpratum
661 3398 728 3445 ceu
745 3380 916 3464 quiddam
945 3380 1206 3460 necessarium,

89 3505 127 3552 ec
149 3490 367 3571 providente
395 3487 472 3552 Deo
502 3489 694 3552 ruaniseste
723 3488 927 3551 institutum
961 3486 1205 3568 agnoscimus:

87 3611 150 3660 neo
165 3596 359 3660 declarare
375 3593 593 3672 dubitamus,
619 3595 656 3657 in
681 3594 867 3675 praesenti
897 3609 1019 3656 rerum
1036 3591 1207 3656 humana-

88 3716 159 3766 rum
172 3709 284 3782 statu,
301 3701 417 3783 Ipsum
435 3703 529 3764 huuc
547 3701 790 3782 prtncipatum
805 3699 952 3763 civilem
970 3715 1034 3779 pro
1051 3698 1146 3761 bono
1165 3713 1209 3760 ac

88 3803 194 3871 libere
220 3807 411 3872 Ecclesiae
443 3807 646 3870 animarum
676 3805 852 3887 regtmine
883 3805 1027 3868 omnino
1058 3802 1206 3885 requiri.

90 3909 285 3994 Oportebat
301 3930 391 3977 sane
407 3913 516 3977 totius
534 3911 722 3978 Ecclesiae
754 3909 885 3994 Caput,
905 3911 1102 3975 Romanum
1120 3909 1208 3973 Pon·

90 4021 227 4104 tilicem,
261 4021 352 4085 nulli
379 4021 539 4102 Principi
572 4037 653 4084 esse
682 4019 898 4100 subjectum,
934 4019 1042 4082 immo
1075 4017 1209 4081 nulllus

87 4123 273 4210 hospitem,
299 4126 363 4191 sed
390 4128 427 4191 in
455 4127 604 4210 proprIo
623 4125 779 4189 dominio
797 4141 841 4190 ac
865 4142 978 4207 regno
1005 4124 1206 4208 sedentem,

89 4231 212 4297 sulmet
221 4233 314 4315 juris
332 4249 425 4315 esse,
440 4238 477 4296 at
492 4232 530 4296 in
548 4231 673 4313 nobili,
689 4231 889 4312 tranquilla
902 4237 939 4295 et
952 4229 1050 4295 alma
1060 4231 1208 4295 liberta·
