3226 4994
646 401 809 460 -31-·

160 545 310 626 petente
341 543 560 608 auctoritate
592 549 629 608 et
660 545 819 610 servatis
848 546 942 629 juris
974 545 1283 626 solemnitatibus,

159 650 328 745 quamvis
342 650 449 730 jnxta
465 651 754 714 aestimationem
769 652 990 734 appellantis
1005 670 1076 715 non
1091 659 1287 717 censeatur

155 757 322 839 justitiae
339 757 399 821 vel
416 757 489 838 legi
515 775 688 838 consona;
708 769 883 841 tortaquam
900 761 944 824 ab
962 759 1069 822 abusu
1100 777 1285 842 nuncupa·

160 870 219 927 tur
237 862 436 944 appellatio
442 863 631 949 judicialis
649 881 742 945 quae
755 863 795 927 iit
807 882 830 926 a
841 853 1025 928 sententia
1040 865 1188 944 injusta;
1204 883 1286 929 sen·

160 969 277 1033 tentia
304 973 426 1033 autem
452 971 584 1056 injusta
602 969 733 1034 dicitur
749 987 844 1052 quae
861 970 977 1034 fertur
993 971 1054 1033 vel
1088 971 1133 1033 ab
1161 977 1286 1034 aucto·

160 1077 272 1140 ritate
284 1075 565 1157 incompetente,
580 1077 640 1140 vel
653 1078 786 1157 spretis
799 1077 1090 1140 solemnitatibus
1103 1077 1208 1157 juris,
1224 1078 1287 1142 vel

160 1181 273 1246 etiam
289 1186 417 1243 contra
435 1185 600 1262 apertam
620 1181 711 1261 legis
739 1180 1026 1262 dispositionem,
1045 1182 1098 1244 ita
1118 1188 1155 1245 ut
1173 1183 1286 1246 mani-

160 1287 255 1350 feste
282 1285 407 1368 iniqua
434 1285 581 1366 evadat,
601 1286 803 1368 cujusmodi
831 1296 927 1351 esset
955 1289 1138 1351 sententia
1152 1288 1286 1370 judicis

161 1391 404 1456 ecclesiastici
422 1391 676 1456 beneficiatum
704 1411 777 1456 non
794 1392 1012 1456 residentem
1033 1399 1114 1473 post
1131 1395 1287 1474 primum

161 1478 309 1562 annum*
321 1499 443 1562 statim
460 1497 636 1562 beneficio
665 1499 816 1580 privans
833 1506 962 1562 contra
979 1499 1191 1579 explicitum
1209 1499 1287 1562 'Pri-

162 1603 301 1668 dentini
314 1601 512 1683 decretum,
532 1605 653 1686 inquo
671 1605 896 1686 praecipitur
913 1613 951 1667 ut
968 1607 1084 1686 primo
1100 1623 1196 1668 anno
1214 1623 1287 1669 me·

162 1708 223 1773 dia
254 1717 358 1791 parte
389 1710 571 1774 fructuum
603 1712 780 1790 privetur,
799 1711 958 1774 secundo
992 1729 1087 1773 anno
1120 1711 1287 1775 omnibus

160 1817 352 1898 fructibus,
372 1821 408 1880 et
424 1823 565 1881 tantum
582 1825 664 1900 post
690 1825 764 1882 tres
782 1836 897 1882 annos
915 1823 951 1881 et
968 1819 1102 1881 trinam
1121 1819 1286 1882 monitio-

161 1939 245 1988 nem
261 1925 341 2005 ipso
358 1923 549 1988 beneflcio.

253 2030 306 2094 16.
355 2030 574 2110 1116116τί611,
593 2029 825 2110 Febroniani,
845 2028 1041 2106 Gallicani,
1060 2029 1284 2111 Regalistae,

162 2154 360 2219 omnesque
388 2136 498 2200 aulici
526 2143 634 2218 atque
663 2137 970 2218 pseudo-politici,
998 2137 1059 2219 qui
1089 2138 1287 2200 recentiori

162 2249 284 2309 aetate
311 2245 457 2310 civilem
482 2251 700 2326 potestatem
717 2244 941 2325 amplificare
972 2260 1103 2323 magno
1122 2259 1203 2305 cum
1221 2241 1288 2305 Ec-

163 2349 298 2414 clesiae
316 2349 532 2414 detrimento
551 2355 587 2412 et
605 2354 732 2430 aperto
750 2349 828 2429 ejus
837 2349 973 2429 jnrium
991 2354 1201 2427 contemptu
1215 2347 1285 2410 nisi

161 2459 259 2532 aurit,
278 2455 505 2538 Principibus
531 2459 567 2518 et
583 2454 833 2518 saecularibus
858 2453 1132 2535 magistratibus
1150 2451 1288 2516 adscri-

162 2561 251 2626 bere
277 2561 375 2626 haud
400 2561 611 2625 dubitarunt
630 2561 690 2641 jus
714 2559 916 2642 recipiendi
945 2559 1211 2640 appellationes
1241 2560 1285 2624 ab

162 2669 273 2738 abusu
297 2685 362 2732 seu
378 2685 399 2730 a
415 2667 604 2732 sententiis
622 2667 776 2747 injustis;
795 2665 860 2730 sed
876 2665 1090 2728 facultatem
1123 2665 1286 2746 appella-

162 2774 280 2838 tiones
297 2774 480 2856 simplices
498 2779 560 2838 aut
577 2793 599 2836 a
616 2774 805 2838 sententiis
823 2773 957 2855 iniquis
977 2772 1180 2853 accipiendi
1198 2772 1288 2853 ipsis

164 2879 338 2960 explicite
354 2879 514 2944 tribuere
540 2880 618 2944 ausi
634 2898 706 2944 non
729 2885 824 2960 sunt,
843 2880 929 2961 quia
956 2879 1062 2942 nimis
1087 2877 1284 2942 absurdum

164 2983 295 3049 fuisset
310 3003 477 3050 asserere
493 2989 603 3068 atque
627 3003 860 3067 propugnare
877 2987 1133 3049 auctoritatem
1152 2985 1285 3048 laicam

159 3091 328 3175 judicare
352 3093 512 3174 possein
529 3093 682 3157 materia
710 3093 963 3156 ecclesiastica
979 3109 1089 3174 super
1119 3091 1287 3154 meritum

164 3217 312 3282 causae,
329 3199 399 3264 hoc
415 3204 483 3280 est,
502 3200 621 3282 quoad
633 3203 815 3266 essentiam
832 3200 886 3264 rei
898 3199 1099 3281 spiritualis
1117 3205 1153 3262 et
1165 3200 1285 3279 ipsam

166 3315 331 3372 acturam
347 3308 621 3372 controversiae
645 3307 830 3388 jndicialis
845 3324 942 3371 mere
959 3308 1174 3384 canonicam
1194 3310 1289 3368 atta-

164 3431 248 3478 men
264 3413 411 3496 saepius
427 3413 538 3478 etiam
555 3413 731 3494 eJusmodi
748 3419 966 3496 potestatem
981 3412 1164 3492 judicibus
1181 3411 1288 3475 laicis

164 3519 341 3601 implicite
368 3519 567 3602 contulere,
587 3521 868 3601 competentiam
895 3517 1086 3582 Ecclesiae
1112 3517 1287 3582 limitibus

165 3625 518 3708 circumscribentes„
537 3630 573 3690 et
595 3627 691 3690 inter
709 3643 839 3692 causas
856 3625 985 3691 civiles
1002 3641 1068 3707 pro
1087 3641 1151 3688 suo
1170 3624 1288 3688 lubitu

164 3736 399 3798 recensentes
423 3732 675 3798 ecclesiastica
695 3731 834 3814 iudicia
851 3739 888 3796 et
915 3746 1108 3814 processus
1125 3747 1215 3795 vere
1232 3747 1294 3794 ca·

164 3838 329 3904 nonicos.

223 4001 225 4006 .
254 3945 350 4010 Hinc
377 3945 541 4018 asseclae
558 3932 866 4027 'Febronianisml
885 3941 1138 4009 Gallicanismi
1155 3960 1199 4008 ac
1222 3943 1292 4007 Re-

165 4053 311 4136 gulismi
334 4051 556 4118 contendunt
573 4053 648 4135 (vel
675 4053 796 4134 potius
820 4051 1103 4133 contendebant,
1123 4051 1209 4133 quia
1228 4051 1292 4114 ho-

166 4158 312 4248 diedum
334 4159 506 4224 libertate
524 4159 770 4224 conscientiae
794 4159 873 4224 fere
900 4158 1035 4240 ubique
1051 4158 1293 4240 proclamata,

165 4269 246 4333 loro
274 4253 688 4334 ecclesiasticoabolito
706 4267 768 4332 vel
794 4267 933 4350 ignoto,
952 4273 992 4330 et
1001 4267 1086 4348 jure
1113 4265 1294 4331 moderno
