3028 4992
782 345 961 404 -390-

311 487 516 552 reluctante
529 485 631 552 Statu
648 491 757 569 atque
771 487 925 570 publicis
939 487 1211 568 Magistratibus
1224 505 1436 570 repugnan-

311 593 419 674 tibus;
450 593 582 656 etenim
616 593 792 674 ejusmodi
823 594 1082 676 obligationem
1116 595 1301 685 imponere
1336 593 1436 658 idem

311 705 409 764 esset
426 717 470 762 ae
483 699 704 764 constituere
722 699 902 781 quoddam
920 700 1152 782 privilegium
1170 717 1258 765 vere
1279 717 1434 766 exosum

312 823 356 868 ao
372 823 576 885 onerosum,
596 806 802 870 nationibus
833 808 1131 888 praepotentibus
1157 807 1267 872 valde
1285 807 1432 885 favens,

312 913 469 975 maxime
487 929 573 976 vero
591 929 725 976 nocens
743 913 884 994 exiguis
902 911 1074 992 statibus,
1093 913 1273 995 simulque
1288 913 1435 995 procla·
1502 965 1503 988 ¹

312 1034 413 1080 mere
430 1017 624 1100 quamdam
653 1019 885 1082 arbitrariam
915 1019 1215 1101 inaequalitatem
1231 1035 1346 1101 penes
1364 1023 1431 1081 ter·

312 1123 477 1188 ritorium
495 1125 759 1190 nationisinter
773 1128 858 1206 jura
883 1125 1015 1190 civium
1034 1132 1070 1188 et
1093 1125 1179 1206 jura
1211 1125 1437 1206 alienigena·
1502 1135 1503 1202 l

312 1248 404 1296 rum.
1502 1207 1503 1296 i

402 1335 582 1418 Quidquid
600 1339 693 1401 enim
711 1339 781 1402 hac
797 1355 907 1419 super
924 1356 963 1402 re
982 1337 1184 1402 effutierint
1200 1337 1434 1401 etclamave·
1502 1309 1503 1340 ¹

313 1443 388 1508 rint
405 1444 543 1524 politici
560 1443 781 1524 Americani,
811 1463 884 1508 non
915 1443 1020 1508 adest
1036 1442 1191 1507 solidum
1221 1443 1432 1508 fundamen·

314 1554 388 1614 tum
404 1568 468 1630 pro
483 1549 686 1630 hujusmodi
711 1551 1069 1632 compensationibus
1094 1549 1349 1631 exposcendis
1367 1547 1433 1612 etsi
1502 1529 1503 1618 l

314 1656 460 1720 aliunde
474 1673 597 1720 omnes
611 1661 814 1738 agnoscant
830 1663 866 1720 et
897 1656 1018 1737 palam
1038 1655 1276 1736 profiteantur
1310 1671 1432 1734 supre-

314 1779 395 1826 mae
426 1762 619 1842 cujuslibet
649 1764 805 1827 nationis
840 1763 1013 1844 potestati
1045 1779 1190 1844 semper
1223 1761 1434 1826 incumbere

313 1868 414 1932 hisee
432 1869 468 1931 in
485 1867 665 1949 adjunctis
682 1871 968 1934 sacratissimum
999 1869 1158 1934 officium
1194 1885 1371 1951 personas
1398 1871 1435 1928 et

314 1975 559 2056 proprietates
574 1980 647 2038 tum
661 1975 795 2040 civium
809 1983 883 2040 tum
897 1981 1104 2039 exterorum
1120 1975 1320 2040 efficaciter
1335 1983 1430 2037 tuen·

315 2079 351 2144 di
368 2080 546 2144 adversus
563 2097 810 2164 quoscumque
843 2082 1010 2146 incursus
1027 2099 1091 2146 seu
1108 2091 1212 2146 actus
1239 2079 1434 2146 violentiae

314 2194 378 2252 aut
395 2188 683 2271 exspoliationis.

710 2519 978 2588 ARTICULUS
1002 2523 1046 2587 V.

749 2743 996 2809 Suunsatuu.

315 2943 358 2994 te.
385 2936 550 3004 Subiectum
574 2939 926 3004 repraesentativum-tt.
955 2937 1191 3003 Repraesentatio
1214 2933 1431 2990 Statuam-60.
1502 2947 1503 3012 p

388 3009 443 3062 Jus
457 3007 752 3074 diplomaticum-el.
766 3009 842 3070 Quot
861 3009 919 3062 sint
932 3024 1038 3076 organa
1062 3009 1332 3076 repraesentationis
1353 3007 1431 3058 iuter·
1502 3021 1503 3042 l

386 3079 626 3132 rationalis-62.
648 3079 758 3132 Summi
790 3081 974 3146 imperantes:
1001 3094 1097 3132 eorum
1132 3077 1428 3146 praerogativae-tt.
1502 3059 1503 3118 i

387 3154 431 3203 Au
444 3151 597 3218 aliquando
609 3157 730 3206 cessent.
738 3154 811 3202 -ut
835 3151 863 3202 lu
873 3167 930 3217 quo
942 3151 1080 3202 diilerant
1089 3149 1182 3216 Reges
1191 3155 1278 3216 etque
1287 3147 1431 3202 Praesides
1502 3159 1503 3204 l

387 3224 517 3274 statuum
541 3225 605 3272 -65,
626 3225 751 3288 Agentes
773 3217 1041 3288 Diplomutior'.-ett.
1064 3222 1285 3286 Legationes—
1298 3221 1340 3271 67.
1361 3217 1430 3272 Clas·
1502 3223 1503 3306 l

387 3291 508 3346 sificatio
522 3292 779 3359 Legatum-ee.
801 3293 904 3344 Eorum
917 3294 990 3359 jura,
1004 3291 1153 3358 privilegis
1178 3296 1208 3345 et
1229 3306 1347 3344 munera
1358 3289 1427 3338 -ea
1502 3307 1503 3360 q

387 3365 515 3434 Agentes
550 3363 805 3418 Consulares-io.
826 3364 955 3430 ipsorum
990 3364 1207 3429 gradatio-ll.
1229 3362 1432 3416 Attributionee
1502 3371 1503 3430 l

387 3441 416 3487 et
429 3435 581 3502 jura-72.
596 3435 772 3499 congressus
799 3449 831 3486 ac
855 3435 1028 3488 Collatlones
1050 3435 1371 3488 internetioneles.-73.
1389 3431 1429 3482 Di·

386 3507 510 3558 scrimen
521 3508 594 3558 luter
602 3505 743 3572 eiusmodi
754 3503 868 3558 Coetus.

404 3685 459 3748 58.
507 3683 1430 3767 Subjectumrepraesentatioamnunoupamusquas·

316 3809 470 3874 eumque
487 3807 662 3873 personas
690 3790 862 3872 physicas
894 3790 1143 3870 remoratos,
1170 3805 1265 3871 quae
1293 3801 1431 3870 reprae·
1502 3849 1503 3852 ,

315 3899 556 3964 sentationem
574 3897 738 3961 Statuum
762 3896 958 3961 ostendunt
974 3914 1018 3960 ac
1032 3905 1164 3978 gerunt
1181 3896 1219 3958 in
1236 3911 1360 3960 eorum
1375 3907 1426 3955 ex·

317 4005 511 4070 terioribus
524 4003 774 4082 relationibus,
789 4011 972 4084 tamquam
988 4001 1105 4066 media
1122 4019 1186 4066 seu
1199 4001 1431 4066 instrumente

315 4107 489 4192 (orporea)
507 4107 716 4190 specialiter
732 4107 929 4172 constituta
947 4125 1012 4188 pro
1040 4107 1231 4172 voluntate
1249 4106 1426 4172 nationum

316 4213 563 4296 adimplenda,
578 4213 732 4280 diversis
748 4212 770 4278 J
774 4213 846 4278 uris
875 4212 1174 4278 Interuationalis
1191 4210 1428 4280 lunationibus
