3028 4992
1006 12 1155 119 -ι-Ὴ

1013 183 1019 193 ι

818 435 994 494 -354-

343 579 480 660 Kantii,
499 579 560 660 qui
590 595 713 642 omnes
741 579 938 660 scriptores
966 578 1039 642 suis
1056 576 1187 659 pacitis
1205 579 1240 640 et
1257 576 1462 656 systemati-

344 687 409 749 bus
434 687 471 748 in
496 685 748 748 constituendo
779 703 823 748 ac
851 683 1125 766 interpretando
1144 683 1165 747 J
1170 699 1232 747 ure
1249 682 1463 746 Internatio-

342 793 418 856 nali
436 792 608 856 influxum
627 792 708 874 plus
727 792 891 856 minusve
909 792 1106 856 salutarem
1128 795 1371 854 exercuerunt
1383 790 1463 870 jux-

343 905 381 964 to
398 899 625 982 praejudicia
644 899 926 980 uniuscujusque
945 897 1104 962 scholae.

433 1003 595 1084 Demum,
609 1004 755 1068 saeculo
769 1003 857 1066 XIX
872 1004 980 1067 facile
995 1009 1050 1067 est
1063 1002 1266 1084 comperire
1284 1001 1461 1083 triplicem

342 1113 622 1193 propensionem
652 1111 1160 1193 juridicointernationalem,
1190 1129 1285 1194 quae
1317 1109 1460 1174 totidem

343 1218 476 1281 scholis
504 1219 679 1299 originem
709 1219 899 1300 praebent,
920 1219 1104 1298 videlicet,
1131 1219 1280 1282 scholae
1310 1216 1460 1299 philoso-

342 1326 472 1407 phicae
488 1325 613 1406 Tibau,
628 1326 775 1389 scholae
793 1326 989 1390 historicae
1003 1324 1177 1407 Saviguy,
1195 1331 1306 1407 atque
1319 1322 1460 1388 scholae

342 1431 514 1512 Krausse,
534 1450 642 1514 quarn
671 1432 827 1513 quodam
856 1439 1037 1514 apparatu
1066 1439 1102 1496 et
1130 1432 1275 1496 nomine
1300 1431 1459 1512 specioso

341 1539 591 1602 harmonicam
611 1556 745 1602 vocare
766 1539 938 1601 assolent.

429 1645 483 1708 25.
533 1644 587 1708 lix
615 1645 813 1726 praejactis
844 1663 995 1725 pronum
1014 1649 1069 1708 est
1097 1643 1281 1725 conjicere
1312 1645 1459 1724 quatuor

341 1751 529 1814 methodos
548 1769 627 1814 esse
658 1751 808 1814 usitatas
828 1769 892 1832 pro
911 1752 1094 1814 varietate
1112 1751 1321 1814 scholarum
1352 1749 1387 1812 in
1403 1765 1459 1810 ex-

341 1855 510 1938 ponenda
527 1857 681 1920 scientia
694 1857 851 1938 juridica
869 1857 1157 1936 internetionali,
1174 1856 1328 1934 scilicet,
1345 1855 1459 1919 theori-

341 1983 425 2042 cum,
451 1962 820 2046 theorico-practicam,
841 1965 1041 2046 positivam,
1067 1970 1177 2045 atque
1198 1965 1458 2046 positivo-notu·

339 2069 449 2132 roiam
466 2085 530 2132 seu
559 2071 715 2132 mictum:
735 2069 922 2132 methodus
953 2069 1105 2134 theorica
1123 2069 1294 2150 regulare
1312 2065 1459 2130 intendit

340 2179 482 2237 mutuas
497 2173 660 2238 Statuam
681 2175 877 2238 relationes
892 2176 998 2255 Juxta
1018 2175 1117 2256 leges
1137 2193 1182 2238 ex
1196 2175 1217 2239 J
1221 2191 1285 2238 ure
1301 2171 1458 2237 Naturali

340 2279 513 2343 deductas
544 2285 639 2360 (eam
673 2281 873 2361 amplexati
901 2287 985 2344 sunt
1011 2281 1166 2361 juristae
1199 2281 1339 2344 saeculi
1366 2277 1455 2354 XVI,

338 2386 573 2468 Hobbessius,
592 2387 870 2468 Pufsendoriius,
893 2387 1057 2468 Woltius,
1076 2391 1112 2451 et
1130 2387 1282 2470 Vattei);
1304 2387 1456 2451 theorico·

332 2495 494 2577 practico
514 2493 613 2573 leges
631 2494 932 2558 internetionales
951 2499 1134 2556 mutuatur
1155 2511 1201 2558 ex
1231 2512 1297 2556 666
1322 2509 1365 2556 ac
1382 2508 1456 2554 cou-
1507 2487 1508 2497 ’

339 2597 528 2660 suetudine
545 2599 773 2680 populorum,
793 2601 878 2680 quin
897 2605 1020 2664 tamen
1039 2599 1222 2682 principia
1239 2599 1262 2663 J
1266 2600 1339 2664 uris
1356 2597 1455 2662 Natu·
1505 2647 1506 2665 i

338 2704 426 2766 ralis
440 2707 708 2786 praetermittat
723 2706 832 2786 (hauc
848 2707 991 2788 sequuti
1005 2707 1108 2771 fuere
1124 2707 1292 2770 nonnulli
1307 2702 1456 2783 theologi
1504 2723 1505 2751 r

339 2815 375 2870 et
404 2809 574 2890 juristae,
609 2829 761 2893 quorum
797 2813 959 2876 meminit
993 2811 1280 2892 Graudclaude);
1314 2811 1455 2895 positivo

337 2915 524 2995 praefatas
555 2917 656 2998 leges
687 2917 933 2981 tantummodo
959 2936 1004 2982 ex
1021 2918 1187 3000 historia,
1208 2919 1401 2982 traditione
1417 2929 1455 2976 ac
1501 2945 1502 3003 p

337 3019 444 3084 tactis
463 3020 634 3102 derivat,
660 3023 730 3087 hoc
761 3029 827 3104 est,
847 3041 893 3088 ex
922 3025 1166 3106 pactionibus,
1194 3023 1452 3106 congressibus,
1499 3019 1501 3087 l

338 3126 469 3207 usibus,
484 3127 671 3208 condictis,
685 3129 977 3211 resolutionibus
993 3132 1148 3213 aliisque
1164 3131 1201 3195 id
1218 3149 1344 3214 genus,
1359 3127 1451 3192 omis·

337 3231 437 3295 sione
454 3233 553 3296 sacta
580 3235 762 3298 ulterioris
781 3237 926 3300 critices
945 3237 1006 3300 vel
1025 3237 1225 3319 peculiaris
1250 3236 1375 3318 judicii
1391 3234 1451 3297 cir·

337 3353 380 3399 ca
398 3345 597 3402 memorata
616 3340 853 3405 fundamenta
866 3343 1026 3422 juridica
1041 3345 1234 3426 (ejusmodi
1252 3357 1450 3426 processum

336 3445 573 3509 scientificum
613 3447 721 3510 latius
762 3449 822 3512 vel
861 3451 1023 3513 strictius
1063 3461 1262 3516 servarunt
1302 3449 1449 3526 Grotius,

337 3549 469 3630 Zouch,
489 3551 623 3616 Rachel
642 3559 751 3635 atque
780 3555 899 3618 Moser
927 3557 1074 3620 saeculo
1094 3556 1213 3638 XVII,
1233 3575 1373 3622 necnon
1389 3554 1450 3620 Go-

336 3655 432 3736 liam,
447 3653 639 3738 Oampredi
653 3663 689 3722 et
702 3661 858 3740 jnristae
875 3663 1013 3727 saeculi
1027 3663 1181 3746 XVIII);
1193 3667 1449 3749 positivo-nutu·

335 3761 423 3824 ruiis
456 3781 518 3826 seu
550 3766 661 3830 inicia
693 3767 793 3846 leges
825 3768 1129 3836 internetionales
1163 3791 1309 3855 quoqne
1342 3767 1449 3835 educit

336 3881 381 3926 ex
399 3866 552 3944 publicis
570 3871 883 3952 conventionibus,
903 3875 1036 3939 mutuis
1053 3877 1319 3959 contractibus,
1338 3873 1448 3940 usibus

335 3971 504 4050 receptis,
524 3975 751 4057 caeterisque
775 3977 883 4042 iactis
910 3979 1108 4062 historicis,
1127 3982 1193 4048 sed
1218 3987 1341 4048 tamen
1367 3981 1447 4045 haec

335 4082 435 4138 recto
450 4078 586 4157 judicio
612 4083 817 4165 perpendit,
836 4085 1003 4152 ordinate
1029 4089 1183 4172 colligit,
1203 4091 1381 4172 simulque
1397 4102 1447 4148 ac·

337 4186 461 4244 curate
479 4185 619 4249 confert
636 4203 715 4251 cum
733 4189 921 4272 principiis
939 4195 1175 4274 generalibus
1188 4195 1211 4261 J
1214 4198 1290 4262 uris
1307 4195 1447 4261 Nature·

335 4283 380 4348 lis
398 4283 506 4364 (hunc
523 4289 683 4356 ordinem
701 4295 737 4358 in
754 4296 828 4360 suis
846 4299 1016 4379 operibus
1034 4309 1072 4366 ut
1088 4303 1287 4386 plurimum
1304 4299 1445 4368 custodi·
