3028 4992
785 373 997 435 -394-,

312 532 386 579 non
411 518 535 578 mutua
568 515 715 594 amoris,
734 515 1015 580 benevolentiae
1033 517 1141 595 etque
1158 512 1435 578 necessitudinis

313 620 436 686 officia
457 621 835 703 praestareassolent;
854 620 905 685 2.⁰
937 622 974 686 ia
1003 620 1165 704 epistolis
1193 617 1436 682 familiaribus

312 728 505 809 reciproce
521 733 701 792 vocantur
715 729 861 813 fratrea
880 727 1011 810 3.⁰,cea
1029 727 1190 810 membra
1208 726 1370 808 ejusdem
1383 725 1434 787 ta·

312 833 436 898 miliae
455 833 643 916 Principes
662 843 859 916 regnantes
876 835 923 899 ad
946 834 1103 898 invicem
1129 839 1332 914 agnoscant
1349 847 1433 913 quo·
1500 861 1501 864 ¹

311 957 490 1022 ecumque
509 940 646 1022 titulos,
665 940 860 1022 dignitates
885 942 945 1006 vel
969 941 1188 1006 honorificas
1214 938 1433 1004 condecora·

312 1045 444 1126 dones,
466 1045 602 1110 eisdem
620 1065 686 1130 per
703 1047 815 1129 leges,
830 1047 1044 1112 traditiones
1068 1051 1132 1110 nat
1155 1044 1434 1111 consuetudines

312 1153 513 1234 respectivi
531 1151 653 1216 Status
666 1154 833 1218 tributas.

402 1257 481 1338 Age
494 1258 583 1338 jam,
603 1260 663 1340 qui
695 1259 971 1342 Rebaspublicis
988 1264 1178 1343 praeeant,
1198 1259 1267 1322 hoc
1298 1255 1434 1338 triplici

312 1371 492 1444 conceptu
508 1381 571 1428 sea
591 1365 695 1430 titulo
713 1366 985 1448 familiaritatis,
1004 1365 1307 1430 denominationis
1325 1371 1434 1443 atquc
1501 1368 1502 1430 3

312 1470 574 1548 recognitionis
590 1471 811 1538 honorificae
830 1475 965 1554 passim
983 1474 1170 1536 orbantur.

403 1577 458 1638 65.
508 1575 756 1642 Moderatores
774 1578 937 1644 Statuam
955 1579 991 1642 in
1008 1578 1135 1642 ordine
1151 1574 1430 1660 repraesentati·

312 1697 359 1744 vo
378 1681 584 1746 immediate
600 1685 868 1768 subsequuntur
896 1685 1057 1766 Agentes
1089 1682 1337 1766 Diplomatici,
1363 1695 1431 1762 quo

316 1783 461 1848 nomine
480 1783 717 1867 designantur
730 1787 783 1852 illi
796 1787 1030 1852 functionarii
1043 1803 1107 1852 sea
1121 1785 1255 1869 publici
1266 1781 1429 1860 ministri,

314 1889 376 1970 qui
391 1889 487 1970 apud
505 1899 651 1958 exteras
668 1901 796 1975 gentes
812 1894 996 1976 legatione
1024 1896 1223 1976 tanguntur
1237 1891 1284 1955 ad
1297 1897 1430 1954 susten·

315 1996 445 2060 tandas
465 1999 777 2084 moderandosque
795 2009 938 2066 mutuas
951 2001 1116 2066 Statuam
1130 1999 1339 2064 relationes.
1352 1996 1429 2078 Eju·
1502 2009 1503 2066 ἐ

312 2103 429 2168 smodi
447 2103 601 2170 Ministri
619 2115 741 2172 aetate
758 2109 908 2190 antiqua
924 2117 961 2172 et
978 2107 1095 2172 medio
1113 2123 1206 2172 aevo
1219 2105 1372 2189 populos
1388 2119 1430 2166 ac

312 2215 441 2289 gentes
459 2228 524 2291 pro
544 2215 707 2294 tempore
739 2213 980 2278 determinato
1004 2216 1342 2296 repraesentarunt3
1370 2205 1429 2272 sed

314 2323 508 2397 postquam
526 2319 673 2382 saeculo
702 2319 787 2384 XVI
819 2321 1165 2386 communicationes
1198 2319 1294 2382 inter
1318 2316 1428 2382 onitas

314 2421 482 2486 nationes
500 2423 591 2488 adeo
605 2433 861 2508 excreverunt,
881 2433 984 2491 ortae
1011 2432 1096 2490 sant
1124 2425 1329 2506 legationes
1355 2438 1427 2506 per·

312 2535 513 2592 manentes.
1503 2615 1504 2622 ἵ

407 2635 567 2715 Agentes
595 2634 819 2718 diplomatici
847 2639 1004 2720 dispesci
1036 2643 1199 2720 possunt:
1227 2636 1277 2702 1.⁰
1294 2637 1427 2701 ratione
1503 2635 1504 2688 ξ

309 2739 535 2824 facultatum,
551 2741 586 2805 in
604 2743 932 2830 Plauipotentt'arios
943 2751 979 2808 ct
995 2745 1176 2810 lliiaiatroe
1189 2761 1270 2808 cum
1279 2741 1428 2828 potentia

313 2847 480 2926 limitata·
498 2845 549 2910 2.⁰
581 2849 723 2912 ratione
751 2851 958 2932 durationis,
988 2851 1025 2916 in
1059 2851 1269 2916 Ordiuart'oe
1299 2857 1337 2913 et
1363 2847 1426 2911 Ea·

316 2953 588 3033 traordtaarioa;
607 2954 660 3018 3.⁰
674 2957 815 3022 ratione
828 2959 1004 3024 missionis
1027 2975 1091 3022 sea
1121 2957 1255 3039 objecti
1273 2957 1310 3022 in
1325 2957 1425 3039 Nepo-

310 3059 454 3126 tiatoree
471 3069 581 3142 atque
600 3061 869 3130 Cacrimouialea
884 3081 949 3130 seu
975 3065 1166 3151 officiosos,
1181 3081 1333 3148 quornm
1350 3059 1426 3126 dcti-

311 3169 467 3234 nitiones
499 3171 834 3253 praetermittimus,
851 3189 932 3237 cum
949 3174 1029 3255 ipss
1046 3174 1194 3238 nomina
1210 3189 1288 3237 rem
1304 3169 1425 3254 signiti-

311 3283 432 3342 catam
445 3284 503 3339 sat
516 3277 617 3340 clare
633 3277 851 3358 exprimant.

400 3383 455 3446 66.
505 3381 724 3463 Legationes
756 3401 820 3447 seu
847 3383 1037 3450 Missiones
1055 3385 1224 3450 dicuntur
1257 3382 1427 3467 quaedam

315 3488 561 3553 institutiones
579 3497 836 3571 permanentes
853 3497 890 3554 et
902 3491 1082 3572 juridicae
1099 3492 1274 3580 entitatos
1290 3509 1312 3555 a
1327 3487 1426 3554 stati-

314 3593 379 3658 bus
396 3595 503 3658 cultis
520 3593 716 3660 recentiori
732 3599 856 3660 aetate
880 3597 916 3660 in
934 3597 1118 3663 territorio
1135 3598 1257 3662 alieno
1274 3602 1425 3672 creatae,

310 3702 435 3783 gratia
453 3702 662 3783 relationes,
696 3703 965 3785 negotiationes
981 3711 1091 3786 atque
1111 3704 1364 3770 commercium
1378 3699 1426 3762 in·

312 3809 558 3872 tornationale
570 3808 731 3872 fovendi.

403 3914 424 3978 J
429 3933 469 3977 us
488 3915 682 3996 legationis
699 3916 736 3978 in
752 3915 831 3997 ipso
847 3915 870 3980 J
873 3933 936 3980 ure
963 3915 1130 3980 Naturali
1148 3915 1316 3982 Gentium
1333 3911 1426 3980 fulci·

313 4025 384 4096 tur,
405 4023 540 4104 quippe
557 4023 716 4086 facultas
732 4023 898 4087 mittendi
925 4029 1035 4105 atque
1059 4024 1262 4106 recipiendi
1280 4023 1425 4101 vice-ge-

311 4129 436 4188 rentes
452 4145 516 4190 sen
533 4137 854 4209 repraesentantes
885 4131 1051 4196 Statuam
1085 4149 1152 4214 pro
1176 4131 1330 4197 colenda
1353 4143 1425 4194 curn

310 4231 469 4295 caeteris
486 4235 631 4315 populis
647 4237 985 4321 communicatione,
1006 4239 1211 4322 repetenda
1226 4243 1284 4306 est
1300 4247 1371 4304 tam
1383 4249 1425 4299 ex
