3062 4994
545 319 724 377 -135-

95 477 221 526 necesse
237 465 293 526 est
304 465 360 526 tot
375 461 561 527 territoria
579 480 761 546 occupare
794 465 970 546 tantaque
1005 463 1196 546 dispendia

94 568 255 632 sustinere
271 567 318 632 ud
335 568 522 633 cadavera
539 569 736 650 servanda,
751 585 831 633 oum
846 568 988 634 cineres
1022 570 1132 634 facile
1160 575 1197 634 et

92 673 155 737 sino
170 674 338 756 expensis
351 675 603 739 custodiantur
619 675 657 738 in
673 675 823 740 vasibus
840 675 901 739 vel
918 675 1018 740 urnis
1051 678 1195 741 funera·

92 779 152 844 riis.

163 885 397 968 strutiones,
416 903 508 969 quas
538 887 576 950 in
609 885 765 950 modium
798 887 959 952 afferunt
990 887 1196 969 patrocina-

92 995 172 1054 tores
187 992 435 1074 oremstionis,
453 993 601 1056 sirecte
619 993 908 1075 perpendantur,
926 992 1097 1058 videntur
1113 993 1196 1058 iuti·

91 1097 132 1162 les
155 1100 190 1162 et
215 1097 325 1180 parvi
342 1099 528 1181 momenti,
549 1098 600 1162 uti
617 1098 804 1164 levissime
818 1097 1062 1164 ostendemus:
1077 1099 1197 1181 quoad

91 1204 341 1287 spalotismam,
360 1204 527 1269 Ecclesia
540 1205 661 1286 potius
681 1204 839 1268 intendit
855 1205 892 1269 iu
905 1205 1117 1270 memoriam
1142 1222 1196 1270 re-

91 1325 208 1375 vocare
220 1312 383 1375 futurem
397 1311 703 1376 resurrectionem
722 1329 830 1394 quam
845 1312 989 1376 animae
1004 1312 1042 1376 in
1055 1313 1195 1377 coelum

91 1431 263 1481 ascensum
287 1417 508 1500 significare;
539 1417 659 1501 quoad
692 1420 959 1502 anacreontium,
977 1433 1196 1499 supervaca-

90 1539 179 1588 neum
195 1528 251 1588 est
267 1524 563 1589 animadvertere
587 1523 762 1606 quidquid
778 1524 947 1606 accidere
966 1539 1073 1607 posse
1090 1523 1196 1588 oada-

92 1629 155 1693 reri
170 1631 284 1694 minus
300 1631 523 1695 conveniens
540 1634 577 1694 et
592 1631 688 1694 visui
705 1630 815 1695 valde
828 1648 1050 1714 repugnans,
1063 1630 1132 1694 hoc
1145 1635 1196 1695 to-

93 1739 153 1800 tum
182 1737 301 1801 oculte
334 1737 530 1817 verificari,
556 1736 691 1801 etenim
715 1737 819 1801 tabes
851 1754 924 1802 non
959 1742 1127 1820 apparet,
1161 1741 1199 1802 et

92 1858 192 1908 mures
204 1849 316 1928 atque
330 1859 473 1908 vermos
486 1843 522 1908 in
535 1849 678 1908 secreto
692 1844 875 1924 laborant,
892 1844 1012 1928 quoad
1020 1847 1196 1930 pietatem,

92 1952 249 2030 perfacile
267 1957 324 2016 est
335 1953 520 2033 conjicere
538 1954 827 2018 asservationem
845 1953 1007 2016 cinerum
1024 1953 1061 2016 in
1075 1952 1196 2033 priva·

92 2056 313 2139 tisdomibus,
343 2059 540 2140 suppositis
568 2058 752 2122 hominum
793 2057 1012 2140 conditione,
1038 2058 1198 2122 naturali

91 2177 194 2229 rerum
223 2164 488 2247 vicissitudine,
507 2170 708 2248 temporum
726 2165 860 2246 injuria
894 2169 1004 2248 atque
1036 2163 1198 2228 familiae

92 2268 321 2353 dissolutione,
336 2273 547 2354 frequentor
578 2289 704 2336 ansam
723 2270 813 2335 dare
829 2271 1016 2352 oblivioni,
1034 2270 1198 2334 incuriae

92 2381 120 2440 et
133 2380 387 2460 profanationi,
402 2381 522 2462 quoad
535 2382 707 2446 rationem
719 2380 943 2466 scientificum
960 2395 1006 2442 ex
1019 2376 1197 2460 praescri·

91 2485 255 2564 ptionibns
283 2487 487 2570 hygienicis
521 2487 763 2569 desumptam,
783 2485 960 2567 eiusmodi
988 2481 1197 2548 fundamen·

92 2593 152 2655 tum
166 2594 311 2658 omnino
329 2594 478 2674 corruit,
499 2611 580 2657 cum
595 2593 827 2674 exploratum
844 2592 903 2671 sit,
923 2595 960 2655 et
992 2588 1197 2654 testimonio

92 2697 229 2776 plurium
247 2701 453 2782 sapientum
481 2701 640 2782 optimae
658 2711 767 2764 notae
796 2697 1047 2763 confirmatum
1065 2694 1197 2760 habea·

91 2805 278 2870 turnostris
291 2806 418 2883 diebus¹
431 2807 624 2889 hygienom
638 2806 849 2887 neutiquam
864 2803 1064 2869 humationi
1079 2803 1197 2867 obsta·

91 2924 134 2990 re;
149 2915 182 2976 et
198 2913 344 2995 quidem
362 2911 459 2976 haud
478 2901 584 2994 pauci
602 2911 732 2976 medici
746 2929 789 2976 ac
803 2909 1010 2992 physiologi
1028 2925 1199 2991 praesen·

92 3015 129 3078 tis
142 3019 283 3099 astatis,
302 3035 455 3100 quorum
469 3017 644 3100 judicium
661 3017 730 3082 hac
748 3017 792 3081 de
808 3034 848 3080 re
866 3016 971 3080 nobis
989 3017 1197 3096 suspectum

91 3135 157 3186 csse
170 3125 308 3207 nequit,
324 3141 366 3189 eo
386 3125 483 3206 quod
502 3132 540 3188 ut
556 3123 749 3206 plurimum
766 3123 802 3186 in
834 3121 998 3186 scholam
1031 3119 1197 3184 materia·

91 3223 195 3295 listam
220 3248 286 3295 seu
316 3230 573 3294 naturalistam
607 3229 768 3311 cooptati
799 3227 884 3309 sint,
903 3225 1133 3308 experientia
1163 3231 1199 3288 et

91 3337 233 3420 propriis
250 3337 570 3402 observationibus
588 3336 742 3416 suffulti,
761 3335 1056 3399 demonstrarunt
1073 3347 1198 3411 corpo·

91 3455 125 3504 ra
139 3443 387 3510 defunctorum
404 3443 515 3508 facile
530 3443 712 3508 inhumari
740 3459 860 3524 posse,
892 3439 978 3522 quin
1008 3439 1199 3504 detrimen·

92 3549 154 3614 lum
169 3553 330 3634 patiatur
347 3551 494 3635 publica
509 3551 699 3634 hygiones,
719 3548 911 3614 dummodo
947 3546 1117 3612 mortalia
1145 3561 1198 3609 re-

92 3653 181 3721 sidua
196 3663 320 3723 crusta
351 3658 473 3722 altiori
505 3661 626 3721 terrae
654 3662 838 3738 tegantur,
875 3671 946 3736 quo
973 3653 1199 3735 operimento

93 3769 179 3830 certe
194 3767 379 3832 obtinetur
407 3765 509 3829 lente
540 3765 742 3846 dissolutio,
771 3780 866 3847 quae
899 3777 1058 3843 vapores
1090 3763 1201 3840 atque

93 3873 326 3937 emanationes
351 3889 416 3954 por
444 3879 567 3936 terrae
595 3871 827 3936 filtrationem
862 3885 1052 3952 spargens,
1082 3880 1201 3947 neque

91 3991 200 4044 aerem
216 3979 342 4060 inlicit,
361 3979 392 4044 si
408 3981 578 4045 servetur
593 3977 715 4042 debita
734 3977 909 4042 distentia
923 3995 944 4040 a
957 3975 1048 4040 locis
1061 3973 1200 4038 habita-

94 4081 144 4163 tis,
156 4085 329 4168 simulque
341 4085 552 4151 consulatur
565 4087 757 4150 ventorum
772 4081 937 4164 directio,
954 4097 1074 4164 neque
1086 4095 1201 4162 aquas

94 4191 257 4266 potabiles
282 4192 493 4275 corrumpit,
512 4191 543 4256 si
557 4189 778 4256 coemeteria
801 4189 929 4272 procul
953 4187 1113 4253 fontibus
1138 4203 1200 4269 pu·
