<?xml version="1.0" encoding="UTF-8"?>
<!DOCTYPE html PUBLIC "-//W3C//DTD XHTML 1.0 Transitional//EN"
    "http://www.w3.org/TR/xhtml1/DTD/xhtml1-transitional.dtd">
<html xmlns="http://www.w3.org/1999/xhtml" xml:lang="en" lang="en">
 <head>
  <title>
</title>
<meta http-equiv="Content-Type" content="text/html;charset=utf-8" />
  <meta name='ocr-system' content='tesseract 3.04.00' />
  <meta name='ocr-capabilities' content='ocr_page ocr_carea ocr_par ocr_line ocrx_word'/>
</head>
<body>
  <div class='ocr_page' id='page_1' title='image "./juspublicumeccl00ferngoog_0264.png"; bbox 0 0 3038 4994; ppageno 0'>
   <div class='ocr_carea' id='block_1_1' title="bbox 430 383 713 442">
    <p class='ocr_par' dir='ltr' id='par_1_1' title="bbox 430 383 713 442">
     <span class='ocr_line' id='line_1_1' title="bbox 430 383 713 442; baseline 0.004 -1"><span class='ocrx_word' id='word_1_1' title='bbox 430 413 433 416; x_wconf 94' lang='lat'>·</span> <span class='ocrx_word' id='word_1_2' title='bbox 535 383 713 442; x_wconf 75' lang='lat'>-259-</span> 
     </span>
    </p>
   </div>
   <div class='ocr_carea' id='block_1_2' title="bbox 18 509 1190 2634">
    <p class='ocr_par' dir='ltr' id='par_1_2' title="bbox 18 509 1184 1035">
     <span class='ocr_line' id='line_1_2' title="bbox 18 509 1184 610; baseline 0 -20"><span class='ocrx_word' id='word_1_3' title='bbox 18 509 19 512; x_wconf 26' lang='lat'>¹</span> <span class='ocrx_word' id='word_1_4' title='bbox 80 527 171 591; x_wconf 89' lang='lat' dir='ltr'><strong>etiam</strong></span> <span class='ocrx_word' id='word_1_5' title='bbox 187 527 410 592; x_wconf 90' lang='lat' dir='ltr'><strong>auctoritate</strong></span> <span class='ocrx_word' id='word_1_6' title='bbox 424 528 587 610; x_wconf 86' lang='lat' dir='ltr'><strong>iungitur</strong></span> <span class='ocrx_word' id='word_1_7' title='bbox 602 526 648 591; x_wconf 89' lang='lat' dir='ltr'><strong>ad</strong></span> <span class='ocrx_word' id='word_1_8' title='bbox 665 525 932 592; x_wconf 88' lang='lat' dir='ltr'><strong>decernendum</strong></span> <span class='ocrx_word' id='word_1_9' title='bbox 950 525 988 590; x_wconf 92' lang='lat' dir='ltr'><strong>iu</strong></span> <span class='ocrx_word' id='word_1_10' title='bbox 1012 529 1184 590; x_wconf 87' lang='lat' dir='ltr'><strong>concreto</strong></span> 
     </span>
     <span class='ocr_line' id='line_1_3' title="bbox 18 633 1183 715; baseline -0.003 -15"><span class='ocrx_word' id='word_1_11' title='bbox 18 683 19 700; x_wconf 44' lang='lat' dir='ltr'><strong>l</strong></span> <span class='ocrx_word' id='word_1_12' title='bbox 80 633 318 715; x_wconf 86' lang='lat' dir='ltr'><strong>etiusingulis</strong></span> <span class='ocrx_word' id='word_1_13' title='bbox 337 633 482 697; x_wconf 80' lang='lat' dir='ltr'><strong>casibus</strong></span> <span class='ocrx_word' id='word_1_14' title='bbox 498 633 746 715; x_wconf 88' lang='lat' dir='ltr'><strong>judicandum,</strong></span> <span class='ocrx_word' id='word_1_15' title='bbox 770 636 889 696; x_wconf 90' lang='lat' dir='ltr'><strong>utrum</strong></span> <span class='ocrx_word' id='word_1_16' title='bbox 918 633 1019 714; x_wconf 78' lang='lat' dir='ltr'><strong>leges</strong></span> <span class='ocrx_word' id='word_1_17' title='bbox 1045 650 1113 715; x_wconf 87' lang='lat' dir='ltr'><strong>per</strong></span> <span class='ocrx_word' id='word_1_18' title='bbox 1137 633 1183 696; x_wconf 92' lang='lat' dir='ltr'><strong>oi-</strong></span> 
     </span>
     <span class='ocr_line' id='line_1_4' title="bbox 18 739 1184 822; baseline 0.005 -26"><span class='ocrx_word' id='word_1_19' title='bbox 18 747 19 796; x_wconf 74' lang='lat' dir='ltr'><strong>l</strong></span> <span class='ocrx_word' id='word_1_20' title='bbox 81 739 173 804; x_wconf 84' lang='lat' dir='ltr'><strong>rilem</strong></span> <span class='ocrx_word' id='word_1_21' title='bbox 198 745 420 822; x_wconf 90' lang='lat' dir='ltr'><strong>potestatem</strong></span> <span class='ocrx_word' id='word_1_22' title='bbox 450 740 619 805; x_wconf 86' lang='lat' dir='ltr'><strong>conditae</strong></span> <span class='ocrx_word' id='word_1_23' title='bbox 636 741 709 804; x_wconf 83' lang='lat' dir='ltr'><strong>sint</strong></span> <span class='ocrx_word' id='word_1_24' title='bbox 739 755 856 804; x_wconf 90' lang='lat' dir='ltr'><strong>necne</strong></span> <span class='ocrx_word' id='word_1_25' title='bbox 874 745 1048 803; x_wconf 76' lang='lat' dir='ltr'><strong>aeternae</strong></span> <span class='ocrx_word' id='word_1_26' title='bbox 1072 757 1184 821; x_wconf 92' lang='lat' dir='ltr'><strong>popu-</strong></span> 
     </span>
     <span class='ocr_line' id='line_1_5' title="bbox 18 845 1183 932; baseline 0.003 -24"><span class='ocrx_word' id='word_1_27' title='bbox 18 885 20 932; x_wconf 50' lang='lat'><strong>,</strong></span> <span class='ocrx_word' id='word_1_28' title='bbox 81 845 177 910; x_wconf 91' lang='lat' dir='ltr'><strong>lorum</strong></span> <span class='ocrx_word' id='word_1_29' title='bbox 192 847 302 910; x_wconf 87' lang='lat' dir='ltr'><strong>saluti</strong></span> <span class='ocrx_word' id='word_1_30' title='bbox 319 847 453 910; x_wconf 80' lang='lat' dir='ltr'><strong>noxiae</strong></span> <span class='ocrx_word' id='word_1_31' title='bbox 470 847 531 911; x_wconf 87' lang='lat' dir='ltr'><strong>vel</strong></span> <span class='ocrx_word' id='word_1_32' title='bbox 551 846 698 912; x_wconf 87' lang='lat' dir='ltr'><strong>divinae</strong></span> <span class='ocrx_word' id='word_1_33' title='bbox 715 847 828 930; x_wconf 86' lang='lat' dir='ltr'><strong>ipsius</strong></span> <span class='ocrx_word' id='word_1_34' title='bbox 844 848 1111 912; x_wconf 82' lang='lat' dir='ltr'><strong>constitutionis</strong></span> <span class='ocrx_word' id='word_1_35' title='bbox 1129 865 1183 912; x_wconf 90' lang='lat' dir='ltr'><strong>sa·</strong></span> 
     </span>
     <span class='ocr_line' id='line_1_6' title="bbox 18 953 595 1035; baseline 0.007 -21"><span class='ocrx_word' id='word_1_36' title='bbox 18 1027 19 1034; x_wconf 33' lang='lat'><strong>,</strong></span> <span class='ocrx_word' id='word_1_37' title='bbox 77 969 254 1018; x_wconf 88' lang='lat' dir='ltr'><strong>crorumve</strong></span> <span class='ocrx_word' id='word_1_38' title='bbox 264 954 400 1035; x_wconf 86' lang='lat' dir='ltr'><strong>jurium</strong></span> <span class='ocrx_word' id='word_1_39' title='bbox 418 953 595 1018; x_wconf 88' lang='lat' dir='ltr'><strong>laesivae.</strong></span> 
     </span>
    </p>

    <p class='ocr_par' dir='ltr' id='par_1_3' title="bbox 18 1058 1190 2634">
     <span class='ocr_line' id='line_1_7' title="bbox 152 1058 1185 1143; baseline 0.003 -21"><span class='ocrx_word' id='word_1_40' title='bbox 152 1058 195 1122; x_wconf 81' lang='lat' dir='ltr'><strong>ut</strong></span> <span class='ocrx_word' id='word_1_41' title='bbox 212 1076 315 1139; x_wconf 89' lang='lat' dir='ltr'><strong>sanc,</strong></span> <span class='ocrx_word' id='word_1_42' title='bbox 329 1059 360 1122; x_wconf 87' lang='lat' dir='ltr'><strong>si</strong></span> <span class='ocrx_word' id='word_1_43' title='bbox 376 1059 511 1122; x_wconf 90' lang='lat' dir='ltr'><strong>subditi</strong></span> <span class='ocrx_word' id='word_1_44' title='bbox 529 1058 573 1122; x_wconf 89' lang='lat' dir='ltr'><strong>de</strong></span> <span class='ocrx_word' id='word_1_45' title='bbox 586 1059 656 1122; x_wconf 92' lang='lat' dir='ltr'><strong>hoc</strong></span> <span class='ocrx_word' id='word_1_46' title='bbox 664 1058 831 1140; x_wconf 89' lang='lat' dir='ltr'><strong>judicare</strong></span> <span class='ocrx_word' id='word_1_47' title='bbox 849 1064 1011 1141; x_wconf 88' lang='lat' dir='ltr'><strong>possunt,</strong></span> <span class='ocrx_word' id='word_1_48' title='bbox 1031 1061 1116 1143; x_wconf 90' lang='lat' dir='ltr'><strong>quia</strong></span> <span class='ocrx_word' id='word_1_49' title='bbox 1133 1061 1185 1125; x_wconf 87' lang='lat' dir='ltr'><strong>eis</strong></span> 
     </span>
     <span class='ocr_line' id='line_1_8' title="bbox 79 1166 1183 1250; baseline 0.005 -24"><span class='ocrx_word' id='word_1_50' title='bbox 79 1181 136 1228; x_wconf 91' lang='lat' dir='ltr'><strong>nou</strong></span> <span class='ocrx_word' id='word_1_51' title='bbox 152 1166 237 1229; x_wconf 88' lang='lat' dir='ltr'><strong>licet</strong></span> <span class='ocrx_word' id='word_1_52' title='bbox 253 1167 394 1248; x_wconf 85' lang='lat' dir='ltr'><strong>legibus</strong></span> <span class='ocrx_word' id='word_1_53' title='bbox 412 1167 602 1230; x_wconf 88' lang='lat' dir='ltr'><strong>evidenter</strong></span> <span class='ocrx_word' id='word_1_54' title='bbox 626 1167 891 1248; x_wconf 87' lang='lat' dir='ltr'><strong>peccaminosis</strong></span> <span class='ocrx_word' id='word_1_55' title='bbox 917 1166 1183 1250; x_wconf 82' lang='lat' dir='ltr'><strong>obtemperare3</strong></span> 
     </span>
     <span class='ocr_line' id='line_1_9' title="bbox 77 1272 1186 1356; baseline 0.005 -22"><span class='ocrx_word' id='word_1_56' title='bbox 77 1272 102 1334; x_wconf 89' lang='lat' dir='ltr'><strong>si</strong></span> <span class='ocrx_word' id='word_1_57' title='bbox 122 1273 164 1336; x_wconf 93' lang='lat' dir='ltr'><strong>ob</strong></span> <span class='ocrx_word' id='word_1_58' title='bbox 188 1273 352 1338; x_wconf 87' lang='lat' dir='ltr'><strong>eamdem</strong></span> <span class='ocrx_word' id='word_1_59' title='bbox 380 1275 435 1337; x_wconf 91' lang='lat' dir='ltr'><strong>rei</strong></span> <span class='ocrx_word' id='word_1_60' title='bbox 465 1273 687 1337; x_wconf 89' lang='lat' dir='ltr'><strong>evidentiam</strong></span> <span class='ocrx_word' id='word_1_61' title='bbox 716 1273 853 1355; x_wconf 90' lang='lat' dir='ltr'><strong>privati</strong></span> <span class='ocrx_word' id='word_1_62' title='bbox 881 1273 981 1354; x_wconf 87' lang='lat' dir='ltr'><strong>leges</strong></span> <span class='ocrx_word' id='word_1_63' title='bbox 999 1275 1059 1338; x_wconf 91' lang='lat' dir='ltr'><strong>vel</strong></span> <span class='ocrx_word' id='word_1_64' title='bbox 1083 1276 1186 1356; x_wconf 87' lang='lat' dir='ltr'><strong>jussa</strong></span> 
     </span>
     <span class='ocr_line' id='line_1_10' title="bbox 77 1381 1185 1462; baseline 0.003 -19"><span class='ocrx_word' id='word_1_65' title='bbox 77 1385 191 1443; x_wconf 91' lang='lat' dir='ltr'><strong>contra</strong></span> <span class='ocrx_word' id='word_1_66' title='bbox 205 1381 465 1444; x_wconf 89' lang='lat' dir='ltr'><strong>conscientiam</strong></span> <span class='ocrx_word' id='word_1_67' title='bbox 483 1381 708 1462; x_wconf 82' lang='lat' dir='ltr'><strong>infrigentes,</strong></span> <span class='ocrx_word' id='word_1_68' title='bbox 724 1385 761 1444; x_wconf 92' lang='lat' dir='ltr'><strong>et</strong></span> <span class='ocrx_word' id='word_1_69' title='bbox 776 1381 813 1444; x_wconf 92' lang='lat' dir='ltr'><strong>in</strong></span> <span class='ocrx_word' id='word_1_70' title='bbox 830 1381 909 1444; x_wconf 81' lang='lat' dir='ltr'><strong>loro</strong></span> <span class='ocrx_word' id='word_1_71' title='bbox 924 1382 1065 1445; x_wconf 91' lang='lat' dir='ltr'><strong>interno</strong></span> <span class='ocrx_word' id='word_1_72' title='bbox 1078 1399 1185 1446; x_wconf 84' lang='lat' dir='ltr'><strong>excu-</strong></span> 
     </span>
     <span class='ocr_line' id='line_1_11' title="bbox 18 1483 1186 1568; baseline 0.002 -20"><span class='ocrx_word' id='word_1_73' title='bbox 18 1483 19 1488; x_wconf 73' lang='grc'>’</span> <span class='ocrx_word' id='word_1_74' title='bbox 76 1485 179 1568; x_wconf 87' lang='lat' dir='ltr'><strong>sandi,</strong></span> <span class='ocrx_word' id='word_1_75' title='bbox 199 1492 235 1550; x_wconf 88' lang='lat' dir='ltr'><strong>et</strong></span> <span class='ocrx_word' id='word_1_76' title='bbox 268 1487 305 1550; x_wconf 89' lang='lat' dir='ltr'><strong>iu</strong></span> <span class='ocrx_word' id='word_1_77' title='bbox 335 1487 413 1550; x_wconf 87' lang='lat' dir='ltr'><strong>foro</strong></span> <span class='ocrx_word' id='word_1_78' title='bbox 448 1491 600 1550; x_wconf 84' lang='lat' dir='ltr'><strong>externo</strong></span> <span class='ocrx_word' id='word_1_79' title='bbox 634 1486 862 1566; x_wconf 85' lang='lat' dir='ltr'><strong>absolvendi,</strong></span> <span class='ocrx_word' id='word_1_80' title='bbox 883 1485 1047 1550; x_wconf 83' lang='lat' dir='ltr'><strong>Ecclesia</strong></span> <span class='ocrx_word' id='word_1_81' title='bbox 1080 1489 1137 1550; x_wconf 92' lang='lat' dir='ltr'><strong>cui</strong></span> <span class='ocrx_word' id='word_1_82' title='bbox 1165 1505 1186 1550; x_wconf 90' lang='lat' dir='ltr'><strong>a</strong></span> 
     </span>
     <span class='ocr_line' id='line_1_12' title="bbox 77 1589 1187 1674; baseline 0.001 -18"><span class='ocrx_word' id='word_1_83' title='bbox 77 1589 206 1668; x_wconf 69' lang='lat' dir='ltr'><strong>Christo</strong></span> <span class='ocrx_word' id='word_1_84' title='bbox 223 1592 379 1657; x_wconf 90' lang='lat' dir='ltr'><strong>Domino</strong></span> <span class='ocrx_word' id='word_1_85' title='bbox 393 1609 602 1674; x_wconf 90' lang='lat' dir='ltr'><strong>supremum</strong></span> <span class='ocrx_word' id='word_1_86' title='bbox 619 1609 747 1655; x_wconf 91' lang='lat' dir='ltr'><strong>munus</strong></span> <span class='ocrx_word' id='word_1_87' title='bbox 766 1596 876 1674; x_wconf 90' lang='lat' dir='ltr'><strong>atque</strong></span> <span class='ocrx_word' id='word_1_88' title='bbox 890 1592 1187 1657; x_wconf 88' lang='lat' dir='ltr'><strong>auctoritativum</strong></span> 
     </span>
     <span class='ocr_line' id='line_1_13' title="bbox 72 1699 1186 1781; baseline 0.002 -19"><span class='ocrx_word' id='word_1_89' title='bbox 72 1699 235 1779; x_wconf 89' lang='lat' dir='ltr'><strong>judicium</strong></span> <span class='ocrx_word' id='word_1_90' title='bbox 265 1699 514 1764; x_wconf 89' lang='lat' dir='ltr'><strong>concreditum</strong></span> <span class='ocrx_word' id='word_1_91' title='bbox 538 1705 605 1780; x_wconf 92' lang='lat' dir='ltr'><strong>est,</strong></span> <span class='ocrx_word' id='word_1_92' title='bbox 625 1706 664 1762; x_wconf 91' lang='lat' dir='ltr'><strong>ut</strong></span> <span class='ocrx_word' id='word_1_93' title='bbox 693 1716 737 1762; x_wconf 90' lang='lat' dir='ltr'><strong>ea</strong></span> <span class='ocrx_word' id='word_1_94' title='bbox 756 1700 888 1779; x_wconf 89' lang='lat' dir='ltr'><strong>omnia,</strong></span> <span class='ocrx_word' id='word_1_95' title='bbox 908 1717 1001 1781; x_wconf 88' lang='lat' dir='ltr'><strong>quac</strong></span> <span class='ocrx_word' id='word_1_96' title='bbox 1029 1700 1075 1762; x_wconf 90' lang='lat' dir='ltr'><strong>ad</strong></span> <span class='ocrx_word' id='word_1_97' title='bbox 1103 1701 1186 1764; x_wconf 87' lang='lat' dir='ltr'><strong>fide·</strong></span> 
     </span>
     <span class='ocr_line' id='line_1_14' title="bbox 77 1785 1187 1887; baseline 0.004 -19"><span class='ocrx_word' id='word_1_98' title='bbox 77 1805 152 1869; x_wconf 90' lang='lat' dir='ltr'><strong>lium</strong></span> <span class='ocrx_word' id='word_1_99' title='bbox 177 1785 503 1871; x_wconf 83' lang='lat' dir='ltr'><strong>sanctificationem</strong></span> <span class='ocrx_word' id='word_1_100' title='bbox 533 1811 793 1887; x_wconf 85' lang='lat' dir='ltr'><strong>aeternamque</strong></span> <span class='ocrx_word' id='word_1_101' title='bbox 823 1807 1004 1870; x_wconf 90' lang='lat' dir='ltr'><strong>bominum</strong></span> <span class='ocrx_word' id='word_1_102' title='bbox 1033 1809 1187 1872; x_wconf 89' lang='lat' dir='ltr'><strong>salutem</strong></span> 
     </span>
     <span class='ocr_line' id='line_1_15' title="bbox 18 1909 1187 1996; baseline 0.003 -23"><span class='ocrx_word' id='word_1_103' title='bbox 18 1923 19 1928; x_wconf 74' lang='grc'>’</span> <span class='ocrx_word' id='word_1_104' title='bbox 75 1909 209 1994; x_wconf 90' lang='lat' dir='ltr'><strong>ducunt,</strong></span> <span class='ocrx_word' id='word_1_105' title='bbox 227 1912 361 1976; x_wconf 90' lang='lat' dir='ltr'><strong>doceat</strong></span> <span class='ocrx_word' id='word_1_106' title='bbox 377 1917 488 1995; x_wconf 90' lang='lat' dir='ltr'><strong>atque</strong></span> <span class='ocrx_word' id='word_1_107' title='bbox 506 1913 666 1994; x_wconf 89' lang='lat' dir='ltr'><strong>definiat,</strong></span> <span class='ocrx_word' id='word_1_108' title='bbox 684 1915 818 1995; x_wconf 91' lang='lat' dir='ltr'><strong>optimo</strong></span> <span class='ocrx_word' id='word_1_109' title='bbox 837 1920 873 1977; x_wconf 91' lang='lat' dir='ltr'><strong>et</strong></span> <span class='ocrx_word' id='word_1_110' title='bbox 890 1915 1023 1996; x_wconf 91' lang='lat' dir='ltr'><strong>potiori</strong></span> <span class='ocrx_word' id='word_1_111' title='bbox 1036 1916 1118 1995; x_wconf 89' lang='lat' dir='ltr'><strong>jure</strong></span> <span class='ocrx_word' id='word_1_112' title='bbox 1132 1916 1187 1996; x_wconf 89' lang='lat' dir='ltr'><strong>ju·</strong></span> 
     </span>
     <span class='ocr_line' id='line_1_16' title="bbox 18 2016 1185 2102; baseline 0.003 -22"><span class='ocrx_word' id='word_1_113' title='bbox 18 2065 19 2068; x_wconf 63' lang='lat'><strong>,</strong></span> <span class='ocrx_word' id='word_1_114' title='bbox 75 2016 193 2083; x_wconf 86' lang='lat' dir='ltr'><strong>dicium</strong></span> <span class='ocrx_word' id='word_1_115' title='bbox 212 2021 380 2102; x_wconf 84' lang='lat' dir='ltr'><strong>proferre</strong></span> <span class='ocrx_word' id='word_1_116' title='bbox 409 2021 545 2101; x_wconf 89' lang='lat' dir='ltr'><strong>poterit</strong></span> <span class='ocrx_word' id='word_1_117' title='bbox 573 2020 618 2082; x_wconf 90' lang='lat' dir='ltr'><strong>de</strong></span> <span class='ocrx_word' id='word_1_118' title='bbox 647 2020 809 2084; x_wconf 89' lang='lat' dir='ltr'><strong>liceitate</strong></span> <span class='ocrx_word' id='word_1_119' title='bbox 826 2021 887 2084; x_wconf 83' lang='lat' dir='ltr'><strong>vel</strong></span> <span class='ocrx_word' id='word_1_120' title='bbox 916 2021 1185 2102; x_wconf 86' lang='lat' dir='ltr'><strong>illegitimitato,</strong></span> 
     </span>
     <span class='ocr_line' id='line_1_17' title="bbox 77 2125 1188 2208; baseline 0.003 -21"><span class='ocrx_word' id='word_1_121' title='bbox 77 2142 204 2192; x_wconf 88' lang='lat' dir='ltr'><strong>necnon</strong></span> <span class='ocrx_word' id='word_1_122' title='bbox 234 2125 279 2191; x_wconf 91' lang='lat' dir='ltr'><strong>de</strong></span> <span class='ocrx_word' id='word_1_123' title='bbox 296 2127 491 2192; x_wconf 83' lang='lat' dir='ltr'><strong>validitate</strong></span> <span class='ocrx_word' id='word_1_124' title='bbox 509 2128 571 2192; x_wconf 90' lang='lat' dir='ltr'><strong>vel</strong></span> <span class='ocrx_word' id='word_1_125' title='bbox 600 2127 768 2190; x_wconf 88' lang='lat' dir='ltr'><strong>nullitate</strong></span> <span class='ocrx_word' id='word_1_126' title='bbox 792 2143 917 2190; x_wconf 89' lang='lat' dir='ltr'><strong>earum</strong></span> <span class='ocrx_word' id='word_1_127' title='bbox 946 2127 1078 2207; x_wconf 83' lang='lat' dir='ltr'><strong>legum,</strong></span> <span class='ocrx_word' id='word_1_128' title='bbox 1094 2145 1188 2208; x_wconf 88' lang='lat' dir='ltr'><strong>quae</strong></span> 
     </span>
     <span class='ocr_line' id='line_1_18' title="bbox 77 2229 1187 2314; baseline 0.004 -22"><span class='ocrx_word' id='word_1_129' title='bbox 77 2229 132 2295; x_wconf 89' lang='lat' dir='ltr'><strong>Dei</strong></span> <span class='ocrx_word' id='word_1_130' title='bbox 155 2232 378 2297; x_wconf 89' lang='lat' dir='ltr'><strong>ordinationi</strong></span> <span class='ocrx_word' id='word_1_131' title='bbox 395 2239 458 2296; x_wconf 89' lang='lat' dir='ltr'><strong>aut</strong></span> <span class='ocrx_word' id='word_1_132' title='bbox 482 2233 730 2297; x_wconf 90' lang='lat' dir='ltr'><strong>consecutioni</strong></span> <span class='ocrx_word' id='word_1_133' title='bbox 758 2233 874 2296; x_wconf 92' lang='lat' dir='ltr'><strong>ultimi</strong></span> <span class='ocrx_word' id='word_1_134' title='bbox 892 2232 973 2295; x_wconf 90' lang='lat' dir='ltr'><strong>finis</strong></span> <span class='ocrx_word' id='word_1_135' title='bbox 1002 2233 1110 2314; x_wconf 88' lang='lat' dir='ltr'><strong>plane</strong></span> <span class='ocrx_word' id='word_1_136' title='bbox 1133 2250 1187 2296; x_wconf 90' lang='lat' dir='ltr'><strong>re-</strong></span> 
     </span>
     <span class='ocr_line' id='line_1_19' title="bbox 78 2336 1190 2418; baseline 0.004 -20"><span class='ocrx_word' id='word_1_137' title='bbox 78 2337 262 2418; x_wconf 84' lang='lat' dir='ltr'><strong>luctantur3</strong></span> <span class='ocrx_word' id='word_1_138' title='bbox 282 2356 388 2402; x_wconf 87' lang='lat' dir='ltr'><strong>secus</strong></span> <span class='ocrx_word' id='word_1_139' title='bbox 414 2339 509 2403; x_wconf 91' lang='lat' dir='ltr'><strong>enim</strong></span> <span class='ocrx_word' id='word_1_140' title='bbox 537 2340 694 2402; x_wconf 89' lang='lat' dir='ltr'><strong>societas</strong></span> <span class='ocrx_word' id='word_1_141' title='bbox 718 2355 741 2401; x_wconf 93' lang='lat' dir='ltr'><strong>a</strong></span> <span class='ocrx_word' id='word_1_142' title='bbox 758 2338 845 2402; x_wconf 90' lang='lat' dir='ltr'><strong>Jesu</strong></span> <span class='ocrx_word' id='word_1_143' title='bbox 864 2336 1006 2402; x_wconf 82' lang='lat' dir='ltr'><strong>Christo</strong></span> <span class='ocrx_word' id='word_1_144' title='bbox 1024 2338 1190 2402; x_wconf 91' lang='lat' dir='ltr'><strong>instituta</strong></span> 
     </span>
     <span class='ocr_line' id='line_1_20' title="bbox 78 2444 1189 2526; baseline 0.005 -23"><span class='ocrx_word' id='word_1_145' title='bbox 78 2446 158 2508; x_wconf 89' lang='lat' dir='ltr'><strong>omni</strong></span> <span class='ocrx_word' id='word_1_146' title='bbox 176 2445 397 2508; x_wconf 88' lang='lat' dir='ltr'><strong>auctoritate</strong></span> <span class='ocrx_word' id='word_1_147' title='bbox 416 2449 572 2525; x_wconf 90' lang='lat' dir='ltr'><strong>careret,</strong></span> <span class='ocrx_word' id='word_1_148' title='bbox 592 2445 699 2508; x_wconf 90' lang='lat' dir='ltr'><strong>immo</strong></span> <span class='ocrx_word' id='word_1_149' title='bbox 718 2445 828 2507; x_wconf 89' lang='lat' dir='ltr'><strong>etiam</strong></span> <span class='ocrx_word' id='word_1_150' title='bbox 842 2444 977 2526; x_wconf 89' lang='lat' dir='ltr'><strong>pejoris</strong></span> <span class='ocrx_word' id='word_1_151' title='bbox 994 2449 1090 2508; x_wconf 90' lang='lat' dir='ltr'><strong>esset</strong></span> <span class='ocrx_word' id='word_1_152' title='bbox 1107 2461 1189 2508; x_wconf 91' lang='lat' dir='ltr'><strong>con-</strong></span> 
     </span>
     <span class='ocr_line' id='line_1_21' title="bbox 74 2549 797 2634; baseline 0.003 -23"><span class='ocrx_word' id='word_1_153' title='bbox 74 2549 209 2616; x_wconf 87' lang='lat' dir='ltr'><strong>ditionis</strong></span> <span class='ocrx_word' id='word_1_154' title='bbox 227 2551 316 2634; x_wconf 89' lang='lat' dir='ltr'><strong>ipsis</strong></span> <span class='ocrx_word' id='word_1_155' title='bbox 334 2551 487 2616; x_wconf 85' lang='lat' dir='ltr'><strong>subditis</strong></span> <span class='ocrx_word' id='word_1_156' title='bbox 501 2555 611 2634; x_wconf 90' lang='lat' dir='ltr'><strong>atque</strong></span> <span class='ocrx_word' id='word_1_157' title='bbox 629 2551 797 2632; x_wconf 86' lang='lat' dir='ltr'><strong>privatis.</strong></span> 
     </span>
    </p>
   </div>
   <div class='ocr_carea' id='block_1_3' title="bbox 153 2653 1296 2740">
    <p class='ocr_par' dir='ltr' id='par_1_4' title="bbox 153 2653 1296 2740">
     <span class='ocr_line' id='line_1_22' title="bbox 153 2653 1296 2740; baseline 0 -19"><span class='ocrx_word' id='word_1_158' title='bbox 153 2657 232 2721; x_wconf 85' lang='lat'>152.</span> <span class='ocrx_word' id='word_1_159' title='bbox 282 2657 338 2721; x_wconf 93' lang='lat' dir='ltr'><strong>Ad</strong></span> <span class='ocrx_word' id='word_1_160' title='bbox 371 2656 534 2721; x_wconf 89' lang='lat' dir='ltr'><strong>ordinem</strong></span> <span class='ocrx_word' id='word_1_161' title='bbox 559 2658 757 2740; x_wconf 66' lang='lat' dir='ltr'><strong>juridicam</strong></span> <span class='ocrx_word' id='word_1_162' title='bbox 791 2655 887 2738; x_wconf 90' lang='lat' dir='ltr'><strong>quod</strong></span> <span class='ocrx_word' id='word_1_163' title='bbox 920 2655 1062 2736; x_wconf 87' lang='lat' dir='ltr'><strong>attinet,</strong></span> <span class='ocrx_word' id='word_1_164' title='bbox 1096 2653 1192 2721; x_wconf 89' lang='lat' dir='ltr'><strong>baud</strong></span> <span class='ocrx_word' id='word_1_165' title='bbox 1294 2685 1296 2688; x_wconf 96' lang='lat'>·</span> 
     </span>
    </p>
   </div>
   <div class='ocr_carea' id='block_1_4' title="bbox 76 2760 1192 3272">
    <p class='ocr_par' dir='ltr' id='par_1_5' title="bbox 76 2760 1192 3272">
     <span class='ocr_line' id='line_1_23' title="bbox 77 2760 1192 2844; baseline 0.004 -20"><span class='ocrx_word' id='word_1_166' title='bbox 77 2760 291 2828; x_wconf 84' lang='lat' dir='ltr'><strong>haesitamus</strong></span> <span class='ocrx_word' id='word_1_167' title='bbox 306 2763 497 2828; x_wconf 84' lang='lat' dir='ltr'><strong>Ecclesiae</strong></span> <span class='ocrx_word' id='word_1_168' title='bbox 525 2763 735 2828; x_wconf 84' lang='lat' dir='ltr'><strong>adscribere</strong></span> <span class='ocrx_word' id='word_1_169' title='bbox 764 2768 949 2844; x_wconf 90' lang='lat' dir='ltr'><strong>tamquam</strong></span> <span class='ocrx_word' id='word_1_170' title='bbox 967 2763 1192 2844; x_wconf 84' lang='lat' dir='ltr'><strong>potissimam</strong></span> 
     </span>
     <span class='ocr_line' id='line_1_24' title="bbox 79 2869 1191 2954; baseline 0.006 -25"><span class='ocrx_word' id='word_1_171' title='bbox 79 2869 222 2936; x_wconf 84' lang='lat' dir='ltr'><strong>forsitan</strong></span> <span class='ocrx_word' id='word_1_172' title='bbox 250 2872 466 2936; x_wconf 86' lang='lat' dir='ltr'><strong>facultatem</strong></span> <span class='ocrx_word' id='word_1_173' title='bbox 497 2875 534 2935; x_wconf 88' lang='lat' dir='ltr'><strong>et</strong></span> <span class='ocrx_word' id='word_1_174' title='bbox 550 2871 901 2954; x_wconf 88' lang='lat' dir='ltr'><strong>praestantissimam</strong></span> <span class='ocrx_word' id='word_1_175' title='bbox 921 2873 1112 2953; x_wconf 89' lang='lat' dir='ltr'><strong>potestatis</strong></span> <span class='ocrx_word' id='word_1_176' title='bbox 1140 2873 1191 2936; x_wconf 92' lang='lat' dir='ltr'><strong>in·</strong></span> 
     </span>
     <span class='ocr_line' id='line_1_25' title="bbox 76 2975 1192 3063; baseline 0.004 -25"><span class='ocrx_word' id='word_1_177' title='bbox 76 2975 230 3044; x_wconf 86' lang='lat' dir='ltr'><strong>directae</strong></span> <span class='ocrx_word' id='word_1_178' title='bbox 255 2979 530 3043; x_wconf 84' lang='lat' dir='ltr'><strong>attributionem</strong></span> <span class='ocrx_word' id='word_1_179' title='bbox 554 2979 614 3059; x_wconf 89' lang='lat' dir='ltr'><strong>jus</strong></span> <span class='ocrx_word' id='word_1_180' title='bbox 643 2978 847 3063; x_wconf 80' lang='lat' dir='ltr'><strong>capnitioaia</strong></span> <span class='ocrx_word' id='word_1_181' title='bbox 865 2977 984 3060; x_wconf 89' lang='lat' dir='ltr'><strong>quoad</strong></span> <span class='ocrx_word' id='word_1_182' title='bbox 1013 2980 1192 3060; x_wconf 90' lang='lat' dir='ltr'><strong>quaedam</strong></span> 
     </span>
     <span class='ocr_line' id='line_1_26' title="bbox 78 3083 1192 3166; baseline 0 -20"><span class='ocrx_word' id='word_1_183' title='bbox 78 3099 132 3162; x_wconf 90' lang='lat' dir='ltr'><strong>per</strong></span> <span class='ocrx_word' id='word_1_184' title='bbox 147 3104 186 3150; x_wconf 90' lang='lat' dir='ltr'><strong>se</strong></span> <span class='ocrx_word' id='word_1_185' title='bbox 204 3085 437 3166; x_wconf 89' lang='lat' dir='ltr'><strong>temporalia,</strong></span> <span class='ocrx_word' id='word_1_186' title='bbox 458 3085 503 3148; x_wconf 92' lang='lat' dir='ltr'><strong>ob</strong></span> <span class='ocrx_word' id='word_1_187' title='bbox 520 3084 718 3165; x_wconf 86' lang='lat' dir='ltr'><strong>specialem</strong></span> <span class='ocrx_word' id='word_1_188' title='bbox 736 3085 950 3146; x_wconf 88' lang='lat' dir='ltr'><strong>relationem</strong></span> <span class='ocrx_word' id='word_1_189' title='bbox 968 3100 1048 3146; x_wconf 91' lang='lat' dir='ltr'><strong>oum</strong></span> <span class='ocrx_word' id='word_1_190' title='bbox 1067 3083 1192 3146; x_wconf 89' lang='lat' dir='ltr'><strong>ordine</strong></span> 
     </span>
     <span class='ocr_line' id='line_1_27' title="bbox 77 3187 1192 3272; baseline 0.003 -23"><span class='ocrx_word' id='word_1_191' title='bbox 77 3191 248 3271; x_wconf 88' lang='lat' dir='ltr'><strong>spirituali</strong></span> <span class='ocrx_word' id='word_1_192' title='bbox 265 3191 326 3254; x_wconf 84' lang='lat' dir='ltr'><strong>vel</strong></span> <span class='ocrx_word' id='word_1_193' title='bbox 350 3191 597 3255; x_wconf 88' lang='lat' dir='ltr'><strong>necessariam</strong></span> <span class='ocrx_word' id='word_1_194' title='bbox 614 3207 694 3252; x_wconf 91' lang='lat' dir='ltr'><strong>oum</strong></span> <span class='ocrx_word' id='word_1_195' title='bbox 721 3207 889 3272; x_wconf 90' lang='lat' dir='ltr'><strong>supremo</strong></span> <span class='ocrx_word' id='word_1_196' title='bbox 916 3194 952 3252; x_wconf 88' lang='lat' dir='ltr'><strong>et</strong></span> <span class='ocrx_word' id='word_1_197' title='bbox 980 3189 1103 3252; x_wconf 91' lang='lat' dir='ltr'><strong>ultimo</strong></span> <span class='ocrx_word' id='word_1_198' title='bbox 1122 3187 1192 3252; x_wconf 89' lang='lat' dir='ltr'><strong>fine</strong></span> 
     </span>
    </p>
   </div>
   <div class='ocr_carea' id='block_1_5' title="bbox 76 3299 1191 3479">
    <p class='ocr_par' dir='ltr' id='par_1_6' title="bbox 76 3299 1191 3479">
     <span class='ocr_line' id='line_1_28' title="bbox 76 3299 345 3362; baseline 0.015 -5"><span class='ocrx_word' id='word_1_199' title='bbox 76 3299 345 3362; x_wconf 86' lang='lat' dir='ltr'><strong>connexionem.</strong></span> 
     </span>
     <span class='ocr_line' id='line_1_29' title="bbox 157 3400 1191 3479; baseline -0.007 -12"><span class='ocrx_word' id='word_1_200' title='bbox 157 3403 246 3468; x_wconf 82' lang='lat' dir='ltr'><strong>Cum</strong></span> <span class='ocrx_word' id='word_1_201' title='bbox 275 3401 464 3466; x_wconf 78' lang='lat' dir='ltr'><strong>Ecclesiae</strong></span> <span class='ocrx_word' id='word_1_202' title='bbox 491 3401 682 3464; x_wconf 90' lang='lat' dir='ltr'><strong>tribuimus</strong></span> <span class='ocrx_word' id='word_1_203' title='bbox 710 3417 755 3464; x_wconf 90' lang='lat' dir='ltr'><strong>ac</strong></span> <span class='ocrx_word' id='word_1_204' title='bbox 778 3400 1005 3463; x_wconf 88' lang='lat' dir='ltr'><strong>vindicamus</strong></span> <span class='ocrx_word' id='word_1_205' title='bbox 1034 3402 1191 3479; x_wconf 88' lang='lat' dir='ltr'><strong>potesta·</strong></span> 
     </span>
    </p>
   </div>
   <div class='ocr_carea' id='block_1_6' title="bbox 75 3507 1197 4340">
    <p class='ocr_par' dir='ltr' id='par_1_7' title="bbox 75 3507 1197 4340">
     <span class='ocr_line' id='line_1_30' title="bbox 77 3507 1193 3592; baseline 0 -26"><span class='ocrx_word' id='word_1_206' title='bbox 77 3517 139 3572; x_wconf 89' lang='lat' dir='ltr'><strong>tem</strong></span> <span class='ocrx_word' id='word_1_207' title='bbox 164 3509 209 3574; x_wconf 88' lang='lat' dir='ltr'><strong>de</strong></span> <span class='ocrx_word' id='word_1_208' title='bbox 227 3507 444 3592; x_wconf 88' lang='lat' dir='ltr'><strong>quibusdam</strong></span> <span class='ocrx_word' id='word_1_209' title='bbox 470 3507 588 3570; x_wconf 91' lang='lat' dir='ltr'><strong>causis</strong></span> <span class='ocrx_word' id='word_1_210' title='bbox 606 3507 838 3592; x_wconf 74' lang='lat' dir='ltr'><strong>copacccaadi,</strong></span> <span class='ocrx_word' id='word_1_211' title='bbox 857 3522 951 3587; x_wconf 89' lang='lat' dir='ltr'><strong>quae</strong></span> <span class='ocrx_word' id='word_1_212' title='bbox 969 3521 1034 3585; x_wconf 92' lang='lat' dir='ltr'><strong>per</strong></span> <span class='ocrx_word' id='word_1_213' title='bbox 1050 3521 1089 3568; x_wconf 92' lang='lat' dir='ltr'><strong>se</strong></span> <span class='ocrx_word' id='word_1_214' title='bbox 1107 3509 1193 3567; x_wconf 90' lang='lat' dir='ltr'><strong>tern-</strong></span> 
     </span>
     <span class='ocr_line' id='line_1_31' title="bbox 78 3611 1194 3698; baseline -0.004 -21"><span class='ocrx_word' id='word_1_215' title='bbox 78 3617 214 3691; x_wconf 90' lang='lat' dir='ltr'><strong>porales</strong></span> <span class='ocrx_word' id='word_1_216' title='bbox 246 3620 344 3697; x_wconf 89' lang='lat' dir='ltr'><strong>sunt,</strong></span> <span class='ocrx_word' id='word_1_217' title='bbox 374 3617 543 3698; x_wconf 86' lang='lat' dir='ltr'><strong>quamvis</strong></span> <span class='ocrx_word' id='word_1_218' title='bbox 575 3613 799 3696; x_wconf 88' lang='lat' dir='ltr'><strong>peculiarem</strong></span> <span class='ocrx_word' id='word_1_219' title='bbox 830 3611 1045 3675; x_wconf 88' lang='lat' dir='ltr'><strong>relationem</strong></span> <span class='ocrx_word' id='word_1_220' title='bbox 1077 3611 1194 3674; x_wconf 93' lang='lat' dir='ltr'><strong>ordini</strong></span> 
     </span>
     <span class='ocr_line' id='line_1_32' title="bbox 75 3715 1195 3803; baseline -0.002 -23"><span class='ocrx_word' id='word_1_221' title='bbox 75 3721 250 3800; x_wconf 87' lang='lat' dir='ltr'><strong>spirituali</strong></span> <span class='ocrx_word' id='word_1_222' title='bbox 277 3721 415 3803; x_wconf 85' lang='lat' dir='ltr'><strong>dicunt,</strong></span> <span class='ocrx_word' id='word_1_223' title='bbox 434 3721 588 3786; x_wconf 82' lang='lat' dir='ltr'><strong>absolute</strong></span> <span class='ocrx_word' id='word_1_224' title='bbox 612 3725 648 3782; x_wconf 88' lang='lat' dir='ltr'><strong>et</strong></span> <span class='ocrx_word' id='word_1_225' title='bbox 679 3719 889 3802; x_wconf 76' lang='lat' dir='ltr'><strong>speculative</strong></span> <span class='ocrx_word' id='word_1_226' title='bbox 913 3716 1106 3798; x_wconf 90' lang='lat' dir='ltr'><strong>loquimur,</strong></span> <span class='ocrx_word' id='word_1_227' title='bbox 1126 3715 1195 3779; x_wconf 88' lang='lat' dir='ltr'><strong>hoc</strong></span> 
     </span>
     <span class='ocr_line' id='line_1_33' title="bbox 77 3821 1194 3909; baseline -0.003 -23"><span class='ocrx_word' id='word_1_228' title='bbox 77 3831 135 3907; x_wconf 89' lang='lat' dir='ltr'><strong>est,</strong></span> <span class='ocrx_word' id='word_1_229' title='bbox 155 3832 296 3892; x_wconf 91' lang='lat' dir='ltr'><strong>attento</strong></span> <span class='ocrx_word' id='word_1_230' title='bbox 310 3827 432 3909; x_wconf 83' lang='lat' dir='ltr'><strong>rigore</strong></span> <span class='ocrx_word' id='word_1_231' title='bbox 442 3827 535 3908; x_wconf 89' lang='lat' dir='ltr'><strong>juris</strong></span> <span class='ocrx_word' id='word_1_232' title='bbox 552 3825 660 3906; x_wconf 89' lang='lat' dir='ltr'><strong>sacri,</strong></span> <span class='ocrx_word' id='word_1_233' title='bbox 676 3828 843 3906; x_wconf 88' lang='lat' dir='ltr'><strong>spectata</strong></span> <span class='ocrx_word' id='word_1_234' title='bbox 857 3821 1052 3887; x_wconf 89' lang='lat' dir='ltr'><strong>concordia</strong></span> <span class='ocrx_word' id='word_1_235' title='bbox 1066 3821 1194 3884; x_wconf 91' lang='lat' dir='ltr'><strong>utrius·</strong></span> 
     </span>
     <span class='ocr_line' id='line_1_34' title="bbox 76 3932 1195 4016; baseline -0.004 -21"><span class='ocrx_word' id='word_1_236' title='bbox 76 3947 140 4011; x_wconf 87' lang='lat' dir='ltr'><strong>que</strong></span> <span class='ocrx_word' id='word_1_237' title='bbox 179 3934 435 4016; x_wconf 86' lang='lat' dir='ltr'><strong>legislationis,</strong></span> <span class='ocrx_word' id='word_1_238' title='bbox 470 3932 670 3997; x_wconf 86' lang='lat' dir='ltr'><strong>canonicae</strong></span> <span class='ocrx_word' id='word_1_239' title='bbox 699 3935 810 4012; x_wconf 90' lang='lat' dir='ltr'><strong>atque</strong></span> <span class='ocrx_word' id='word_1_240' title='bbox 841 3945 1027 4008; x_wconf 90' lang='lat' dir='ltr'><strong>romanae,</strong></span> <span class='ocrx_word' id='word_1_241' title='bbox 1053 3944 1195 3992; x_wconf 89' lang='lat' dir='ltr'><strong>necnon</strong></span> 
     </span>
     <span class='ocr_line' id='line_1_35' title="bbox 78 4035 1195 4121; baseline -0.001 -20"><span class='ocrx_word' id='word_1_242' title='bbox 78 4039 218 4121; x_wconf 84' lang='lat' dir='ltr'><strong>rigente</strong></span> <span class='ocrx_word' id='word_1_243' title='bbox 245 4040 500 4106; x_wconf 86' lang='lat' dir='ltr'><strong>ecclesiastica</strong></span> <span class='ocrx_word' id='word_1_244' title='bbox 516 4039 756 4116; x_wconf 84' lang='lat' dir='ltr'><strong>immunitate3</strong></span> <span class='ocrx_word' id='word_1_245' title='bbox 775 4036 907 4100; x_wconf 88' lang='lat' dir='ltr'><strong>namsi</strong></span> <span class='ocrx_word' id='word_1_246' title='bbox 925 4035 1089 4118; x_wconf 88' lang='lat' dir='ltr'><strong>quaestio</strong></span> <span class='ocrx_word' id='word_1_247' title='bbox 1105 4035 1195 4100; x_wconf 85' lang='lat' dir='ltr'><strong>rela-</strong></span> 
     </span>
     <span class='ocr_line' id='line_1_36' title="bbox 77 4135 1195 4234; baseline 0 -27"><span class='ocrx_word' id='word_1_248' title='bbox 77 4147 139 4210; x_wconf 79' lang='lat' dir='ltr'><strong>tiva</strong></span> <span class='ocrx_word' id='word_1_249' title='bbox 155 4165 199 4212; x_wconf 89' lang='lat' dir='ltr'><strong>ac</strong></span> <span class='ocrx_word' id='word_1_250' title='bbox 209 4151 368 4234; x_wconf 80' lang='lat' dir='ltr'><strong>practice</strong></span> <span class='ocrx_word' id='word_1_251' title='bbox 384 4147 613 4230; x_wconf 87' lang='lat' dir='ltr'><strong>inspiciatur,</strong></span> <span class='ocrx_word' id='word_1_252' title='bbox 631 4135 751 4226; x_wconf 90' lang='lat' dir='ltr'><strong>idest,</strong></span> <span class='ocrx_word' id='word_1_253' title='bbox 772 4145 801 4209; x_wconf 93' lang='lat' dir='ltr'><strong>si</strong></span> <span class='ocrx_word' id='word_1_254' title='bbox 828 4143 1004 4226; x_wconf 89' lang='lat' dir='ltr'><strong>ejusmodi</strong></span> <span class='ocrx_word' id='word_1_255' title='bbox 1032 4143 1195 4225; x_wconf 90' lang='lat' dir='ltr'><strong>disquisi-</strong></span> 
     </span>
     <span class='ocr_line' id='line_1_37' title="bbox 79 4248 1197 4340; baseline -0.003 -26"><span class='ocrx_word' id='word_1_256' title='bbox 79 4251 126 4314; x_wconf 90' lang='lat' dir='ltr'><strong>tio</strong></span> <span class='ocrx_word' id='word_1_257' title='bbox 140 4253 477 4340; x_wconf 83' lang='lat' dir='ltr'><strong>juxtapraesentes</strong></span> <span class='ocrx_word' id='word_1_258' title='bbox 495 4252 788 4318; x_wconf 86' lang='lat' dir='ltr'><strong>circumstantias</strong></span> <span class='ocrx_word' id='word_1_259' title='bbox 812 4254 849 4314; x_wconf 89' lang='lat' dir='ltr'><strong>et</strong></span> <span class='ocrx_word' id='word_1_260' title='bbox 865 4249 1046 4314; x_wconf 88' lang='lat' dir='ltr'><strong>actualem</strong></span> <span class='ocrx_word' id='word_1_261' title='bbox 1064 4248 1197 4330; x_wconf 88' lang='lat' dir='ltr'><strong>agendi</strong></span> 
     </span>
    </p>
   </div>
   <div class='ocr_carea' id='block_1_7' title="bbox 0 0 1536 4994">
    <p class='ocr_par' dir='ltr' id='par_1_8' title="bbox 0 0 1536 4994">
     <span class='ocr_line' id='line_1_38' title="bbox 0 0 1536 4994; baseline 0 0"><span class='ocrx_word' id='word_1_262' title='bbox 0 0 1536 4994; x_wconf 95' lang='lat' dir='ltr'><strong> </strong></span> 
     </span>
    </p>
   </div>
  </div>
 </body>
</html>
