3038 4994
769 379 948 438 ..220-

383 522 435 586 29
481 521 696 610 approbatio
716 521 959 590 Conciliorom.
978 521 1130 586 Praeter
1153 520 1302 586 decreta
1319 517 1435 585 Sum·

295 645 434 693 morum
451 627 679 709 Pontificum,
696 629 964 712 quamplurima
977 625 1153 709 Cantilia,
1173 627 1252 691 sive
1265 643 1434 709 genera·

295 733 358 815 lia,
377 735 456 802 sive
474 735 728 817 particularia,
749 736 994 817 principatum
1012 733 1158 798 civilem
1174 731 1333 798 Sanctae
1361 729 1433 796 Se·

296 837 351 902 dia
367 855 439 902 non
456 840 572 904 solum
599 847 829 922 agnoverunt
846 840 962 904 veluti
978 857 1055 905 rem
1085 839 1194 921 plane
1211 837 1353 902 licitam
1390 843 1436 900 et

296 947 563 1026 possessionem
581 964 730 1029 prorsus
748 947 960 1030 legitimam,
981 963 1108 1012 verum
1139 945 1250 1009 etiam
1266 943 1435 1026 speciali

297 1052 486 1116 sanctione
503 1053 604 1118 illum
622 1055 828 1118 munierunt
844 1071 888 1118 ac
917 1052 1148 1129 roborarunt
1168 1052 1263 1116 inter
1292 1067 1340 1116 ea
1368 1067 1434 1114 re·

297 1159 439 1222 censeri
457 1167 652 1224 merentur:
672 1159 700 1240 ⁸)
724 1167 807 1224 octo
826 1159 1060 1224 oecumenica
1085 1156 1248 1222 Consilia
1279 1157 1436 1221 interea

297 1265 471 1346 temporis
504 1265 704 1346 celebrata,
738 1267 919 1346 nimirum,
950 1265 1108 1348 quinque
1140 1263 1433 1343 Lateranensia,
1515 1266 1516 1292 ¹

299 1367 590 1448 Constantianos,
617 1371 867 1436 Florentinum
885 1389 929 1436 ac
945 1369 1209 1450 Tridentinum,
1227 1369 1436 1452 exquibus

298 1475 382 1556 tria,
404 1493 547 1558 nempe,
580 1475 831 1542 Lateranense
855 1477 918 1558 IV,
951 1475 1231 1541 Constantiense
1248 1482 1285 1538 et
1318 1491 1434 1557 prae-

298 1583 422 1646 sertim
440 1582 689 1648 Tridentinum
704 1587 751 1664 (1)
766 1601 892 1648 curam
909 1582 1230 1664 defensionemque
1246 1581 1437 1646 bonorum

299 1687 501 1770 Ecclesiae,
516 1707 658 1754 necnon
683 1691 939 1754 dominationis
957 1690 1171 1773 temporalis
1187 1687 1436 1770 Apostolicae
1516 1681 1517 1720 ³

299 1793 402 1860 Sedis
430 1795 591 1877 speciale
608 1797 851 1878 patrocinium
868 1805 1120 1878 susceperunt3
1136 1793 1164 1878 b)
1186 1795 1437 1877 particularia

299 1902 567 1984 Pontigonense
591 1913 628 1968 et
645 1903 925 1968 Ravennatense
943 1903 988 1968 de
1016 1904 1236 1986 patrimonio
1263 1902 1435 1966 Romano

300 2011 514 2091 exprofcsso
532 2013 811 2093 pertractantia;
830 2012 855 2096 ⁰)
873 2009 1038 2076 Concilia
1063 2009 1226 2076 Romana
1242 2007 1305 2090 IV,
1343 2007 1377 2074 V
1397 2013 1437 2073 et

300 2115 369 2180 VII
386 2117 451 2180 sub
468 2115 503 2181 S.
524 2115 702 2198 Gregorio
721 2117 788 2181 Vll
805 2125 1013 2182 convocata
1031 2123 1162 2182 contra
1193 2115 1436 2180 defraudato·
1517 2171 1518 2182 ,

300 2239 360 2288 res
377 2229 414 2286 et
426 2224 616 2288 invasores
633 2223 845 2287 Patrimonii
861 2223 901 2287 B.
927 2223 1038 2304 Petri3
1056 2219 1083 2302 d)
1100 2224 1179 2288 iere
1195 2223 1317 2288 omnia
1337 2219 1436 2286 Gon·

301 2329 387 2392 cilia
416 2329 660 2410 provincialia
688 2329 726 2392 in
755 2331 927 2394 universa
955 2327 1103 2412 Europa
1126 2328 1198 2393 hac
1226 2327 1438 2392 novissima

301 2440 425 2498 aetate
441 2433 580 2516 habita,
598 2447 700 2517 quaej
717 2435 914 2500 dominium
926 2435 1130 2518 temporale
1144 2439 1181 2499 et
1197 2433 1346 2499 civilem
1363 2433 1436 2498 Ro·

303 2543 401 2607 mani
433 2542 619 2607 Pontificia
637 2551 855 2625 potestatem
873 2547 1019 2606 tuentur
1034 2549 1221 2626 tamquam
1239 2541 1375 2623 pignus
1393 2539 1436 2603 li·

302 2647 455 2712 bertatis
472 2655 510 2713 et
528 2655 689 2712 tutamen
706 2647 1010 2730 independentiae
1022 2647 1181 2714 Sanctae
1197 2645 1314 2712 Sedis.

392 2753 446 2816 3.⁰
496 2752 678 2820 Concessio
694 2754 959 2838 Episcoporum.
978 2753 1177 2819 Pontificiis
1195 2751 1437 2818 Constitutio-

303 2859 409 2924 nibus
426 2863 463 2923 et
486 2858 750 2926 Conciliaribus
775 2861 942 2926 Decretis
960 2861 1104 2926 accedit
1129 2859 1295 2926 formalis
1319 2867 1437 2944 atque

304 2965 484 3028 unanimis
501 2965 762 3047 Episcoporum
778 2967 887 3031 totius
905 2967 1002 3032 orbis
1016 2985 1228 3049 consensus
1247 2967 1352 3048 quus
1370 2967 1437 3032 mi·

303 3070 431 3136 rabilis
448 3072 714 3136 conformitatis
731 3073 962 3154 praeclarum
976 3081 1013 3138 et
1027 3073 1252 3138 luculentum
1269 3075 1437 3138 testimo-

304 3176 403 3240 nium
432 3176 536 3240 nobis
553 3177 742 3258 praebent:
762 3177 790 3256 ¹¹)
808 3177 1008 3243 declaratio
1037 3177 1137 3243 edita
1155 3196 1215 3243 an.
1238 3177 1439 3243 1848-1850

304 3299 371 3363 pro
387 3283 546 3364 primatu
571 3289 607 3347 et
624 3283 817 3364 temporali
834 3284 970 3348 ditione
993 3283 1147 3350 Romani
1163 3285 1350 3350 Pontificis
1384 3290 1439 3348 at·

305 3405 376 3469 que
406 3388 469 3452 Pio
494 3388 546 3452 IX
564 3386 714 3469 Oajetae
742 3389 907 3454 exulanti
929 3391 1121 3471 praestita;
1138 3387 1166 3470 ¹³)
1184 3389 1259 3454 alia
1284 3389 1440 3472 publica

306 3491 521 3574 declaratio,
551 3511 645 3576 quae
673 3493 719 3557 ab
747 3496 911 3560 omnibus
939 3494 1133 3578 Episcopis
1161 3495 1300 3561 Romae
1334 3513 1439 3560 anno

307 3597 394 3661 1854
411 3600 603 3662 occasione
620 3596 915 3664 Canonizationis
932 3601 1091 3684 quinque
1120 3601 1319 3666 Beatorum
1348 3618 1440 3667 con·

305 3705 469 3786 gregatis
484 3704 694 3770 Venerabili
712 3703 846 3770 Christi
862 3705 1009 3772 Vicaric
1028 3707 1154 3772 oblata
1184 3715 1254 3789 est;
1272 3709 1298 3792 ⁰)
1315 3707 1441 3774 altera

306 3809 478 3874 solemnis
495 3809 708 3893 declaratio,
728 3830 822 3894 quae
836 3814 946 3878 etiam
958 3815 1096 3880 Romae
1113 3815 1315 3882 ann01867
1334 3818 1440 3882 iacta

306 3921 363 3979 est
378 3933 444 3998 per
457 3916 538 3998 plus
551 3933 659 3998 quam
673 3919 889 4000 quingentos
901 3919 1117 4004 Episcopos,
1133 3921 1196 4005 qui
1209 3939 1258 3987 ex
1271 3925 1439 3988 remotis·

379 4259 419 4327 (ι)
456 4260 531 4314 aas.
547 4258 901 4331 xxuaaempnr.
