3038 4994
784 375 964 436 -292-

313 519 560 602 ob'politicam
578 519 838 601 suprematiam
855 521 977 584 essent
992 518 1308 602 irresponsabiles,
1342 520 1443 600 inJu·

313 627 501 706 dicabiles,
521 629 570 707 et,
589 625 690 690 utita
704 625 834 708 dicam,
854 625 996 708 penitus
1009 625 1242 710 intangibilea,
1258 626 1368 709 plane
1382 643 1441 692 re·
1514 615 1515 684 J

310 737 467 818 jicimus:
483 734 511 812 ⁸)
529 732 615 815 quia
627 731 792 796 Ecclesia
810 731 978 796 habenda
995 738 1105 814 atque
1121 731 1276 798 colenda
1292 739 1349 798 est
1375 751 1439 797 ve·
1514 735 1515 808 j

194 921 198 930 ι
314 843 367 907 lut
375 840 489 922 judex
506 839 735 920 moralitatis,
750 846 828 904 tum
847 839 1029 921 publicae,
1048 845 1122 904 tum
1140 839 1319 922 privatae,
1338 840 1441 906 ideo·

313 967 384 1032 que
402 949 543 1012 ratione
560 946 704 1027 peccati
721 963 845 1010 omnes
861 945 1047 1028 corrigere
1060 951 1179 1028 potest
1195 963 1240 1012 ac
1252 948 1443 1012 salutares
1514 941 1515 968 ³

313 1071 452 1138 poenae
464 1053 665 1134 applicare;
682 1049 708 1130 b)
726 1052 811 1134 quia
827 1051 1014 1134 Principes
1032 1070 1103 1118 non
1121 1055 1238 1119 solnm
1257 1061 1294 1118 ut
1312 1055 1438 1137 priva·
1514 1105 1515 1110 ,

314 1161 353 1242 ti,
368 1159 617 1224 verumetiam
635 1175 702 1223 ceu
720 1159 943 1239 imperantes
972 1164 1128 1242 peccata
1156 1166 1311 1226 externa
1339 1180 1442 1228 com·

312 1269 458 1332 mittere
474 1273 637 1349 possunt;
654 1271 680 1341 ο)
695 1267 780 1348 quia
797 1265 985 1331 Ecclesiae
1003 1268 1177 1350 competit
1194 1271 1358 1349 potestas
1377 1269 1438 1333 de·
1514 1271 1515 1306 ³

313 1376 495 1439 clarativa
522 1374 615 1454 jnris
647 1373 839 1455 naturalis,
861 1382 898 1438 et
929 1391 1010 1438 cum
1043 1375 1238 1458 aliquando
1260 1375 1444 1440 obvenire
1514 1369 1515 1434 3

313 1493 424 1564 queat
441 1480 646 1562 Principem
665 1481 900 1560 tyrannidem
917 1481 954 1544 in
971 1467 1055 1545 euos
1083 1481 1245 1546 subditos
1262 1499 1444 1547 exercen-
1514 1481 1515 1566 g

312 1593 383 1652 tem
398 1588 476 1669 ipso
490 1587 573 1666 jure
586 1592 740 1650 naturae
757 1586 925 1650 amittere
939 1587 999 1668 jue
1011 1605 1127 1670 suum,
1145 1593 1183 1651 et
1199 1587 1360 1652 vicissim
1374 1607 1442 1672 po·

316 1695 421 1776 pulos
439 1709 545 1774 posse
563 1693 596 1756 si
615 1692 859 1758 obedientiam
877 1692 1073 1776 denegare,
1093 1711 1246 1776 pronum
1258 1699 1314 1758 eet
1326 1694 1440 1758 inier-
1514 1711 1515 1788 l

311 1817 353 1864 re
396 1799 611 1880 Ecclesiam,
654 1816 862 1880 supremam
910 1801 1127 1864 moralitatis
1156 1799 1328 1881 judicem,
1363 1818 1441 1865 non

314 1906 418 1971 modo
432 1906 469 1969 in
486 1905 672 1970 abstracto
689 1905 752 1970 sed
771 1911 808 1968 et
825 1906 861 1969 in
878 1913 1062 1986 concreto,
1082 1905 1151 1970 hoc
1178 1911 1244 1986 eet,
1277 1906 1315 1970 in
1347 1924 1440 1971 casu
1514 1905 1515 1976 l

312 2013 540 2097 particulari,
556 2013 704 2094 proprio
716 2013 800 2092 jnre
814 2013 1004 2078 declarare
1022 2031 1130 2096 posse
1154 2013 1298 2096 quando
1316 2013 1442 2097 Reges

312 2133 463 2203 propter
479 2117 709 2200 tyrannidem
726 2119 785 2200 Jue
802 2137 904 2182 suum
934 2119 1133 2199 amiserint,
1167 2128 1203 2184 et
1219 2120 1343 2202 populi
1373 2138 1436 2203 cp·

311 2225 429 2308 pressi
446 2225 492 2288 ab
510 2223 628 2288 officio
646 2223 875 2288 obedientiae
901 2225 1010 2289 soluti
1028 2225 1111 2305 sint3
1128 2222 1155 2305 l)
1170 2226 1255 2308 quia
1271 2243 1318 2289 ex
1333 2223 1437 2292 Chri·

309 2331 357 2396 eti
375 2331 563 2394 voluntate
577 2347 701 2392 omnes
718 2329 881 2393 homines
906 2329 972 2394 sub
990 2331 1135 2394 nomine
1163 2337 1201 2395 et
1217 2331 1442 2413 metaphora
1514 2365 1515 2378 κ

308 2457 478 2523 opnor-um
495 2435 667 2518 potestati
684 2435 835 2517 regendi
854 2436 960 2501 Petro
979 2437 1129 2520 eJusque
1156 2435 1441 2508 successoribus
1514 2471 1515 2486 κ

312 2545 469 2607 collatae
499 2543 651 2606 subsunt
681 2550 798 2626 (pasca
826 2544 1111 2628 upooamaoa);⁰)
1143 2543 1298 2624 demum,
1332 2546 1438 2628 qnia,
1514 2545 1515 2580 l

312 2651 414 2729 juxta
432 2649 642 2730 explicitum
661 2647 854 2729 Evangelii
871 2650 1129 2732 testimonium,
1160 2664 1315 2716 cunctae
1348 2671 1436 2734 gen·

309 2765 378 2833 tes,
394 2755 472 2818 eine
485 2755 716 2818 distinctione
730 2755 961 2837 imperatorie
979 2757 1039 2821 vel
1057 2757 1167 2838 regie,
1182 2757 1359 2840 principis
1373 2762 1437 2826 vel
1514 2761 1515 2834 l

280 2847 286 2853 ⁸
311 2861 415 2940 civis,
433 2860 667 2941 magistratus
684 2861 745 2928 vel
761 2861 909 2944 subditi,
939 2879 1091 2926 servare
1122 2868 1292 2938 tenentur
1312 2867 1440 2931 omnia
1514 2845 1515 2914 l

310 2967 456 3033 Domini
473 2973 683 3050 praecepta,
703 2968 857 3050 ideoque
887 2969 1060 3050 potestati
1089 2970 1282 3035 coactivae
1308 2971 1436 3038 Eccle·
1514 2969 1515 3046 l

308 3077 386 3141 siae
402 3075 634 3156 subjacent-
601 3075 799 3139 -doceatee
816 3095 871 3140 eoa
885 3075 1028 3158 (nempe
1046 3078 1438 3162 calumniaremur·
1514 3095 1515 3156 l

308 3202 391 3248 oure
407 3182 522 3247 omnia
540 3201 750 3263 quacumque
763 3183 928 3246 mendaci
947 3183 1095 3247 cobir-.

398 3289 474 3352 171.
523 3287 689 3351 Exclusis
706 3287 817 3368 rgrtur
833 3289 1022 3352 sententiis
1055 3289 1240 3369 extremm,
1260 3289 1343 3354 eive
1376 3307 1437 3354 ca
1514 3287 1515 3366 l

307 3397 523 3462 tholicorum
538 3398 755 3477 potestatem
771 3395 957 3460 Ecclesiae
971 3395 1122 3477 ejusque
1140 3395 1283 3460 Visibili
1312 3394 1436 3479 Capiti
1514 3371 1515 3456 l

308 3504 480 3568 tributam
500 3502 605 3566 nimie
638 3501 1045 3583 amplificantrum,s1ve
1079 3501 1340 3584 regalistarum
1371 3523 1437 3568 au·

309 3609 469 3674 ctoritati
486 3607 633 3672 divinae
646 3607 833 3672 Ecclesiae
852 3611 961 3690 atquc
975 3605 1202 3674 Summorum
1215 3607 1435 3676 Pontificum
1514 3613 1515 3668 l

307 3716 401 3780 falso
440 3719 477 3779 et
515 3731 668 3778 erronee
706 3713 985 3795 detrahentium,
1026 3714 1246 3779 sententiam
1282 3717 1437 3784 mediam

308 3821 562 3904 amplectimur
593 3837 659 3900 per
687 3819 962 3900 probatissimos
988 3825 1158 3886 auctores
1189 3823 1437 3886 communiter
1514 3853 1515 3904 ᾗ

305 3924 791 4008 propugnatam3hodiedum
804 3925 898 3990 enim
911 3925 1324 3992 contenduntDoctoree
1339 3928 1433 4010 opti·

306 4048 388 4094 mae
404 4034 513 4096 notae
530 4029 732 4096 Ecclesiam
749 4035 784 4094 et
801 4029 993 4096 Pontifices
1011 4030 1188 4098 Maximae
1205 4051 1278 4098 non
1295 4033 1433 4115 gaude·

305 4151 346 4199 re
363 4139 545 4216 potestate
562 4133 702 4200 directa
718 4135 756 4199 in
772 4153 831 4200 res
845 4137 1078 4219 temporales,
1098 4155 1218 4222 neque
1230 4139 1268 4204 in
1282 4137 1434 4206 civilem

304 4242 574 4324 auctoritatem,
592 4242 657 4308 sed
674 4247 815 4308 tantum
831 4243 966 4316 eisdem
979 4249 1431 4348 competerepotestatem
1514 4245 1515 4276 ³
