3058 4994
598 393 632 406 --
657 361 776 420 455-

112 507 266 568 tantum
283 504 444 568 violatur
461 504 666 586 proprietas
681 502 806 570 Status
824 505 972 586 inimici,
992 523 1244 587 personarum-

113 625 192 690 que
212 609 619 692 libertasrestringitur3
640 611 724 676 dum
741 628 761 675 a
780 617 907 676 contra
925 613 962 675 in
981 628 1154 693 processu
1170 614 1245 677 bel·
1355 669 1357 672 ,

111 713 239 779 licoso
255 717 375 782 locum
392 715 503 782 habet
520 717 724 782 cruentatio
742 721 853 800 atque
870 717 1119 800 proclamatur
1132 719 1191 798 jus
1209 721 1246 782 in

110 821 251 886 vitam.
1224 873 1226 878 -

213 928 270 992 Ad
287 933 442 1010 quatuor
460 946 597 1010 genera
623 931 758 1013 passim
782 934 1005 994 revocantur
1034 929 1154 994 media
1170 929 1245 993 vio·

109 1033 238 1116 lenta,
270 1053 416 1128 nempe,
449 1035 707 1102 hostimentum
740 1037 974 1120 (represciia),
1007 1036 1247 1100 retorsionem

111 1143 336 1223 (retorride),
368 1143 697 1224 sequestrationem
729 1145 915 1230 (embarpc)
950 1148 989 1206 at
1023 1142 1247 1207 obsidionem

108 1247 295 1332 (bloqaeo)
322 1249 614 1314 commercialem
638 1253 675 1314 et
703 1251 909 1332 positiones,
929 1250 974 1314 de
1003 1251 1132 1332 quibus
1159 1267 1246 1314 ncn-

1 1387 2 1390 π
110 1353 215 1418 nihil
231 1355 405 1420 dicemus.

216 1459 291 1524 122.
340 1461 593 1526 Hostimentum
625 1461 814 1543 hispanice
845 1462 1040 1548 repreraiic
1069 1465 1105 1542 (a
1132 1461 1246 1526 verbo

108 1568 332 1651 reprendere
350 1568 411 1632 vel
434 1570 637 1652 reprimere)
657 1569 796 1651 duplici
821 1569 1036 1651 acceptioue
1065 1568 1156 1632 sumi
1185 1585 1246 1649 po-

109 1679 207 1754 test,
226 1693 336 1740 sensu
362 1675 485 1739 latiori
509 1682 619 1758 atque
644 1693 753 1742 sensu
781 1677 922 1755 strict03
943 1675 1120 1758 ejusmodi
1138 1691 1245 1738 voca·

1 1823 2 1836 2
110 1779 247 1844 bulum
277 1781 352 1844 late
381 1790 594 1864 usurpatum
622 1799 871 1866 quaecumque
899 1782 1018 1846 media
1047 1781 1248 1846 coercitiva

1 1877 2 1934 l
113 1887 310 1969 exprimit,
330 1887 485 1970 ideoque
502 1889 539 1952 in
564 1906 630 1952 sua
648 1890 812 1970 generali
831 1891 978 1955 notione
995 1889 1245 1969 retorsiouem,

111 1993 453 2076 sequestrationem
483 2000 593 2076 atque
624 1995 849 2061 obsidionem
877 1996 1143 2078 complectitur,
1163 2013 1247 2076 quo·

1 2111 2 2134 i
113 2099 223 2166 uiam
250 2099 321 2164 hac
348 2117 472 2166 omnes
490 2101 574 2164 viae
590 2101 778 2166 violentae
805 2109 973 2166 naturam
998 2102 1248 2183 clarigatiouis

113 2209 394 2288 praeseferunt,
420 2211 458 2272 et
485 2208 533 2272 ad
562 2208 677 2272 instar
708 2208 917 2274 hostimenti
945 2208 1174 2288 adhibentur3
1192 2207 1249 2271 sin

114 2330 215 2378 vero
245 2313 450 2395 hujusmodi
467 2331 541 2378 vox
570 2315 697 2380 stricte
729 2316 944 2398 accipiatur,
963 2315 1058 2378 idem
1081 2319 1187 2378 sonat
1204 2329 1248 2376 ac

1 2485 2 2516 Σ
114 2421 298 2502 specialis
324 2438 517 2502 processus
535 2422 581 2484 ab
598 2419 761 2486 Statibus
780 2425 962 2502 servatus,
982 2439 1052 2504 quo
1070 2421 1119 2502 inj
1126 2419 1249 2484 ustitia

115 2542 188 2607 pro
219 2527 400 2608 injustitia
430 2527 593 2592 redditur
620 2528 744 2608 gratia
774 2527 933 2592 debitam
961 2525 1249 2591 satisfactionem

117 2632 326 2698 obtinendi.
351 2632 492 2697 Exinde
521 2633 591 2697 duo
621 2639 722 2698 recte
750 2635 983 2716 colliguntur:
1004 2632 1032 2710 ⁵)
1057 2633 1150 2696 hanc
1177 2632 1247 2696 for-

117 2757 221 2806 mam
240 2740 486 2821 processalem
505 2741 671 2822 apprime
690 2741 1011 2806 internetionalem
1032 2738 1246 2821 nuncupari,

119 2863 205 2912 cum
233 2864 323 2929 opus
339 2847 387 2912 sit
404 2864 584 2912 concursu
603 2847 755 2912 duorum
773 2846 952 2926 Stetuum,
967 2847 1101 2912 etenim
1118 2847 1248 2911 relatio

119 2954 432 3034 internetionalis,
451 2955 530 3020 sive
560 2955 741 3031 amicalis,
760 2955 839 3020 sive
856 2955 1033 3035 violenta,
1053 2955 1132 3018 sive
1148 2953 1248 3016 bellt-

120 3077 226 3142 cosa,
245 3060 469 3126 solummodo
487 3061 582 3124 inter
599 3069 727 3142 gentes
746 3061 975 3126 intercedere
992 3065 1124 3143 potest:
1141 3058 1167 3139 b)
1186 3077 1249 3122 na-

120 3171 246 3234 turam
275 3167 461 3250 propriam
485 3153 523 3232 et
540 3168 779 3254 essentialem
803 3168 954 3250 hujusce
982 3183 1151 3232 recursus
1169 3182 1249 3229 esse

121 3275 375 3360 reponendam
403 3276 440 3338 in
465 3274 703 3340 devolutione
733 3277 932 3356 injustitiae
961 3291 1027 3355 pro
1057 3271 1246 3354 injustitia,

121 3382 161 3448 id
177 3390 247 3463 est,
261 3383 299 3447 in
316 3382 495 3464 positione
513 3383 708 3464 cujuslibet
724 3389 826 3446 actus
846 3381 972 3461 inJusti
989 3397 1035 3444 ex
1053 3385 1159 3461 parte
1172 3377 1248 3442 Sta·

123 3495 184 3554 tus
200 3489 305 3570 laesi,
325 3496 362 3551 ut
379 3489 429 3552 ita
457 3487 579 3553 Status
603 3489 753 3553 laedens
770 3487 1072 3552 reclamationem
1090 3485 1248 3566 interpo-

123 3611 216 3660 nens
240 3613 343 3658 suam
360 3595 531 3677 injustam
561 3593 695 3676 agendi
723 3595 902 3658 rationem
927 3597 1118 3675 agnoscat,
1138 3595 1248 3673 atquc

124 3716 193 3782 per
221 3717 447 3783 consequeus
474 3701 720 3764 necessariam
738 3699 1027 3766 satisfactionem
1058 3703 1249 3781 praestare

126 3808 189 3874 vel
202 3809 263 3891 jus
279 3808 454 3872 violatum
469 3811 678 3870 restaurare
696 3807 857 3871 festinet.

218 3915 294 3980 123.
342 3912 568 3995 Quamquam
593 3913 630 3977 in
657 3913 746 3978 Jurc
769 3911 1051 3978 internetionali
1079 3927 1146 3974 ceu
1174 3910 1248 3974 lici·

129 4023 204 4088 tum
220 4021 374 4088 habetur
390 4019 646 4084 hostimentum
663 4021 708 4084 ob
736 4020 918 4084 actualem
934 4017 1246 4100 imperfectionem

130 4143 174 4192 ac
200 4127 444 4194 deficientiam
475 4127 662 4191 societatis
691 4126 1000 4204 internatioualis,
1019 4128 1181 4188 attamen
1212 4127 1250 4186 ut

130 4234 271 4300 admitti
288 4235 349 4300 vel
366 4233 485 4316 potius
504 4234 656 4298 tolerari
673 4238 710 4298 et
736 4234 774 4298 in
800 4232 944 4315 praxim
971 4231 1097 4296 reduci
1125 4235 1247 4313 queat,
