3062 4994
554 417 732 476 ..105-

22 575 23 578 ’
100 557 257 642 reliquias
288 575 489 641 agnoscere
521 565 558 625 et
589 561 703 624 falsas
736 563 799 624 sut
832 559 961 624 dubias
994 561 1202 644 prohibere3

22 683 23 686 ¹
99 665 297 730 eudemum
314 672 443 730 vetare
470 667 648 749 imagines
680 666 775 747 illas,
795 683 889 749 quae
917 667 1053 747 decori,
1075 669 1205 750 pietati

22 781 25 868 ζ
100 771 150 834 vel
166 772 411 836 eeclesiastico
429 773 508 838 usui
533 773 868 856 quomodocumque
893 772 1106 837 dedeceant.
1125 774 1206 839 Hac

22 893 24 950 ε
99 893 195 958 super
218 895 258 942 re
280 879 475 943 memorari
491 883 635 962 oportet
653 880 876 959 singularem
904 880 1056 943 abusum
1085 880 1123 943 in
1139 880 1206 944 Re·

22 953 25 1008 ⁵
99 999 160 1062 gno
186 981 326 1048 Galliae
354 990 552 1067 patratum,
571 985 756 1065 videlicet,
776 985 1053 1050 celeberrimum
1071 983 1206 1050 Decre-

100 1101 163 1152 tum
178 1089 396 1156 Parlamenti
413 1093 641 1173 Parisiensis,
659 1091 767 1174 quod,
782 1109 862 1157 eum
881 1091 1098 1156 Benedictus
1115 1091 1208 1158 XIII

22 1247 23 1252 ,
100 1211 183 1258 anno
201 1195 285 1260 1728
298 1197 430 1262 festum
447 1196 482 1262 S.
498 1195 667 1279 Gregorii
681 1197 748 1262 VII
762 1198 808 1261 ad
824 1198 1068 1262 universalem
1082 1199 1208 1264 Eccle-

22 1297 25 1338 ἱ
100 1301 180 1366 siem
207 1304 440 1385 extendisset,
460 1305 592 1369 effreni
608 1311 645 1369 et
670 1305 875 1369 incredibili
900 1305 1055 1369 audacia
1084 1305 1207 1388 prohi-

22 1389 24 1452 Ϊ
101 1407 167 1472 buit
192 1409 284 1474 hunc
310 1412 543 1492 praeclarum
559 1418 669 1494 atque
685 1411 964 1476 invictissimum
991 1412 1206 1477 Pontificem

22 1515 24 1560 ἰ
101 1511 213 1580 haberi
229 1523 265 1580 ut
280 1523 445 1581 sanctum
463 1518 613 1600 ejusque
629 1517 787 1582 officium
805 1519 966 1600 recItari,
985 1535 1028 1582 eo
1047 1519 1143 1601 quod
1167 1519 1206 1582 in

100 1618 273 1687 BrevIario
289 1623 492 1705 legebatur:
513 1624 682 1688 “Henrioi
698 1623 934 1711 Imperatoris
958 1625 1078 1706 impiIs
1097 1641 1205 1688 cona·

22 1735 23 1774 ³
102 1727 184 1792 tibus
209 1731 497 1796 constantissime
514 1733 660 1812 restitit,
679 1749 833 1814 eumque
860 1749 973 1814 regno
991 1740 1028 1796 et
1043 1731 1205 1797 fidelium

22 1883 23 1890 κ
101 1839 546 1922 communioneprivavit.„

22 2019 23 2024 ἵ
175 1939 227 2006 De
242 1945 487 2024 competentia
499 1945 688 2010 exclusiva
705 1943 893 2008 EcclesIae
907 1945 997 2009 ritus
1011 1944 1203 2026 religIosos

22 2085 25 2136 ,
100 2046 293 2114 instituendi
310 2057 420 2132 atque
440 2051 689 2134 praecipiendi
716 2057 945 2133 pertractare
963 2059 1087 2129 vacat,
1122 2069 1204 2116 oum

22 2181 25 2244 g
102 2169 209 2218 omnes
225 2155 381 2220 libenter
398 2158 558 2221 latentur
574 2157 840 2222 ordinationem
869 2159 986 2221 cultus
1004 2155 1119 2220 divini
1149 2173 1205 2220 re·

22 2245 24 2322 i
102 2257 234 2339 limosae
251 2265 461 2327 auctoritati
476 2263 666 2328 dumtaxat
683 2281 782 2328 essse
798 2263 1089 2328 adscribendam.
1105 2261 1201 2326 Hine

102 2363 273 2432 ridiculum
290 2370 489 2451 putandum
503 2376 558 2434 est
574 2369 978 2434 DecretumJustiniani
1000 2371 1131 2450 jubens
1164 2369 1203 2432 in

22 2517 24 2546 ζ
102 2471 330 2539 celebratione
359 2474 490 2539 Missae
521 2478 809 2542 consecrationem
826 2477 905 2540 lieri
923 2476 1021 2540 elata
1038 2491 1142 2556 voce,
1164 2479 1201 2538 et

102 2577 194 2642 valde
207 2581 337 2644 insana
349 2588 386 2645 et
399 2582 696 2663 ultrabynantina
708 2583 891 2647 censenda
909 2587 964 2646 est
989 2579 1122 2662 agendi
1138 2597 1197 2644 ra·

22 2761 23 2772 ἶ
102 2682 143 2746 tio
156 2683 300 2768 losepbi
315 2685 351 2750 II
367 2687 537 2752 Austriao
556 2687 805 2769 Imperatoris·
823 2693 860 2750 et
890 2687 1066 2768 Leopoldi
1087 2685 1200 2750 Ducis

103 2786 262 2874 Etruriae,
281 2793 343 2875 qul
359 2801 397 2858 et
412 2811 600 2858 numerum
614 2794 848 2858 candelarum
862 2810 956 2875 quae
969 2791 1123 2857 accendi
1141 2792 1201 2856 de·

22 2959 23 2962 ,
104 2893 211 2962 berent
228 2917 293 2982 pro
311 2901 486 2965 festorum
502 2901 744 2981 solemnitate,
765 2900 947 2982 etiamque
971 2901 1098 2963 horam
1132 2917 1205 2981 qua

104 3005 299 3085 templorum
327 3011 456 3088 portae
488 3011 610 3068 essent
638 3005 861 3086 aperiendae
875 3003 935 3068 vel
961 3001 1203 3083 claudendae,

106 3093 305 3175 constituere
322 3113 446 3193 inepte
464 3111 543 3174 ausi
559 3115 655 3174 sunt.

22 3211 23 3216 ’
175 3216 227 3282 Ad
242 3239 432 3303 campanas
449 3219 545 3302 quod
560 3221 701 3299 attinet,
719 3218 886 3283 Ecclesia
914 3217 1119 3282 indubitata
1151 3217 1206 3280 fa·

105 3318 219 3386 cultata
231 3325 346 3405 pollet
358 3342 421 3390 eas
436 3324 618 3407 pulsandi:
638 3325 666 3404 ⁸)
684 3325 769 3408 quia
789 3325 914 3389 fideles
931 3323 978 3387 ad
1007 3323 1202 3387 ecclesIam

22 3427 24 3506 ξ
105 3421 253 3510 invitant,
273 3441 310 3493 et
323 3431 398 3494 ruri
415 3433 573 3496 maxime
589 3431 732 3496 modum
751 3432 935 3494 mellonem
953 3437 989 3492 et
1019 3430 1097 3493 fere
1127 3429 1204 3493 uni·

105 3545 170 3597 curn
184 3537 404 3601 constituunt
420 3537 668 3620 congregandi
685 3537 732 3602 ad
747 3555 873 3602 sacras
902 3535 1107 3600 functiones
1127 3536 1203 3617 ple·

22 3617 24 3680 l
104 3634 171 3704 bem
186 3643 430 3725 christianam3
447 3642 474 3719 ¹³)
487 3645 574 3727 quia
589 3645 728 3708 sonitus
742 3661 1003 3724 campanarum
1018 3651 1074 3707 est
1099 3657 1204 3706 actus

22 3749 24 3840 J
104 3745 203 3813 cultus
215 3751 351 3832 publici
367 3757 404 3817 et
416 3755 569 3818 externa
600 3751 683 3816 fidei
709 3751 968 3830 manifestatim
985 3755 1011 3830 ⁰)
1039 3750 1125 3832 quia
1150 3767 1206 3812 so·

105 3847 253 3922 cietatem
283 3863 417 3940 monet,
435 3877 588 3942 eamque
605 3859 652 3922 ad
682 3859 860 3922 laetitiam
887 3858 1116 3938 spiritualem
1141 3854 1203 3918 vel

104 3955 497 4030 addoloremautalios
528 3967 607 4048 pios
638 3965 750 4029 animi
779 3981 906 4028 sensus
939 3963 1088 4028 excitat.
1121 3959 1209 4024 Ani-

22 4051 23 4106 ἕ
105 4065 385 4137 madvertendum
401 4071 564 4138 ducimus
581 4071 681 4135 allud
697 4088 776 4136 esse
805 4071 867 4151 Jus
883 4075 919 4133 et
936 4068 1036 4133 aliud
1065 4073 1210 4132 rectum

105 4169 245 4250 ejusdem
272 4160 499 4261 exercitium,
528 4178 626 4261 quod
657 4177 824 4242 Ecclesia
851 4193 1003 4240 servare
1032 4175 1141 4240 debet
1172 4179 1210 4237 et

106 4285 336 4355 praescribere
353 4291 485 4369 potest,
504 4287 606 4368 leges
623 4284 843 4348 auctoritate
874 4283 1026 4365 propria
1053 4281 1211 4346 ferendo.
