3028 4992
768 382 946 442 -310-

294 525 519 590 nobilissimo
537 543 581 590 ao
599 527 911 608 praestantissimo
940 525 1128 590 civilitatis
1156 527 1193 588 et
1219 539 1420 606 regenera-

296 633 405 696 tionis
422 650 532 714 opere
551 633 788 716 propagando
807 639 842 697 et
858 631 1103 713 adimplendo.

388 739 462 802 182.
512 739 710 820 Postremo,
728 757 801 803 non
830 739 1022 804 defuerunt
1050 737 1225 801 neoterici
1253 735 1427 800 historici

298 845 359 926 qui
375 845 575 910 hostilitate
607 846 643 908 in
675 844 803 910 Sedem
836 845 1084 927 Apostolioam
1113 843 1212 907 ducti
1238 843 1428 906 Romanos
1505 825 1506 832 ἵ

297 951 491 1015 Pontifices
510 951 791 1015 arbitrarietatis
808 953 976 1016 incusare
1001 952 1079 1014 ausi
1096 955 1191 1031 sunt,
1209 949 1303 1014 falso
1321 965 1424 1011 asse·

297 1065 420 1122 rentes
437 1076 499 1122 eos
519 1059 719 1140 cupiditate
737 1058 957 1139 dominandi,
980 1073 1219 1140 personarum
1236 1056 1427 1137 acceptio·
1506 1097 1507 1112 l

298 1181 344 1227 ne
358 1164 417 1226 vel
432 1166 623 1245 temporali
637 1165 767 1229 intuitu
787 1171 969 1246 permotos
985 1163 1229 1245 monopolium
1243 1179 1426 1226 commer-

299 1270 346 1333 cii
378 1285 457 1332 oum
491 1269 635 1351 populis
667 1270 847 1351 indigenis
876 1270 1056 1350 aliquibus
1089 1267 1317 1349 Principibus
1353 1267 1428 1329 sibi

298 1375 482 1438 benevisis
500 1392 565 1456 pro
582 1393 646 1438 suo
663 1383 750 1438 nutu
769 1375 977 1456 contulisse,
996 1381 1128 1456 aperta
1153 1375 1318 1453 justitiae
1349 1373 1427 1435 lae·
1507 1459 1508 1462 Ἴ

300 1481 401 1544 sione
420 1485 456 1544 et
473 1482 610 1562 ingenti
628 1488 856 1546 caeterarum
874 1483 1060 1545 nationum
1080 1480 1307 1544 detrimento.

389 1587 588 1667 Rejiciendi
617 1605 704 1669 ergo
733 1587 828 1652 banc
861 1605 993 1650 novam
1027 1597 1138 1668 atque
1167 1585 1430 1668 gravissimam

301 1711 504 1774 censuram,
536 1693 733 1759 historicae
758 1695 908 1758 veritali
926 1695 1037 1776 plane
1069 1695 1322 1772 reluctantem,
1343 1707 1430 1755 nec-

301 1818 372 1864 non
389 1800 622 1864 venerandae
641 1801 836 1865 memoriae
850 1807 886 1864 et
904 1799 1072 1882 prudenti
1091 1799 1316 1863 Somniorum
1334 1798 1429 1862 Pon·
1509 1848 1510 1886 p

302 1905 436 1970 tiflcum
450 1907 625 1988 aequitati
642 1923 791 1988 prorsus
805 1907 1031 1986 injuriosam,
1044 1909 1255 1988 sequentem
1270 1903 1426 1967 adstrui·
1509 1905 1510 1988 ἴ

302 2029 380 2076 mus
398 2013 694 2094 propositionem:
713 2013 810 2076 Petri
824 2011 1044 2076 successores
1062 2033 1130 2076 non
1147 2011 1350 2089 arbitrario,
1370 2009 1433 2072 scd

293 2122 404 2207 justis
418 2123 532 2184 causis
549 2123 690 2206 suffuiti
707 2121 919 2185 exclusivum
943 2120 1185 2184 commercium
1203 2139 1278 2182 cum
1295 2117 1428 2200 indiqu-

301 2227 357 2292 nis
373 2228 452 2291 noni
469 2228 562 2292 orbis
577 2227 751 2310 aliquibus
770 2229 993 2310 Principibus
1011 2227 1216 2290 tribuerunt.
1510 2211 1511 2228 ἶ

391 2333 460 2396 Pro
485 2332 688 2413 hujusmodi
707 2333 799 2396 thesi
816 2331 1091 2414 comprobanda
1118 2330 1320 2414 praecipua
1350 2329 1430 2392 fun-

303 2440 474 2504 damenta
506 2441 714 2520 afferemus,
748 2441 878 2522 quibus
911 2439 1109 2504 Pontifices¹
1134 2439 1283 2502 Maximi
1312 2435 1430 2500 innixi
1511 2517 1512 2526 ἵ

302 2547 535 2628 privilegium
567 2547 746 2610 exclusiri
787 2547 995 2610 commercii
1030 2545 1245 2628 quibusdam
1272 2543 1428 2608 nationi·
1511 2555 1512 2560 ’

302 2653 369 2716 bus
383 2659 445 2716 aut
461 2653 607 2733 regibus
621 2657 836 2734 otorgarunt
855 2653 915 2716 vel
935 2657 1179 2734 agnoverunt.

394 2760 468 2822 183.
518 2759 562 2822 Et
580 2759 724 2842 quidem
743 2759 992 2824 validissimae
1023 2759 1185 2823 rationes
1214 2757 1318 2820 nobis
1349 2773 1430 2837 sup-

304 2869 433 2946 petunt
465 2881 511 2928 ex
545 2865 670 2928 ordine
694 2853 980 2946 supernaturali,
1016 2865 1176 2930 naturali
1204 2871 1241 2926 et
1269 2863 1431 2926 interna·

304 2971 432 3036 tionali
475 2972 687 3053 desumptae
721 2972 768 3036 ad
801 2972 1058 3036 vindicandam
1105 2971 1178 3036 RR.
1213 2969 1432 3034 Pontificum

304 3077 437 3159 agendi
454 3078 632 3142 rationem
649 3077 718 3141 hac
735 3095 910 3159 sopatro,
927 3095 1006 3141 oum
1021 3079 1253 3159 exploratum
1271 3077 1319 3139 sit
1332 3075 1434 3157 ipsos

304 3183 439 3265 triplici
455 3183 673 3246 solidissimo
701 3186 837 3246 motivo
856 3183 1003 3248 sulcitos
1022 3183 1209 3264 praelatas
1227 3183 1432 3246 concessio·

303 3307 369 3353 nes
387 3291 531 3370 fecisse,
556 3289 744 3370 videlicet,
765 3295 866 3354 recta
894 3289 1062 3354 Ecclesia
1089 3291 1352 3374 prdernotione,
1371 3305 1432 3352 na-

305 3395 414 3459 turali
431 3396 602 3479 aequitate
616 3395 676 3458 vel
692 3397 971 3462 conventionibus
995 3397 1090 3460 inter·
1119 3399 1248 3478 gentes
1266 3393 1431 3458 christia·

305 3519 372 3564 nas
389 3502 500 3564 initis.

396 3608 447 3670 1.⁰
495 3604 627 3671 Omnes
644 3611 776 3670 norunt
793 3606 832 3670 Β.
852 3607 959 3670 Petro
985 3607 1136 3689 ejusque
1149 3608 1186 3671 in
1201 3606 1366 3671 Primatu
1379 3607 1434 3686 jn·

305 3711 526 3776 risdictionis
539 3711 815 3776 Successoribus
829 3730 851 3774 a
866 3711 1009 3776 Christo
1025 3713 1179 3777 Domino
1193 3729 1273 3776 esse
1286 3711 1434 3776 deman-

304 3818 428 3881 datum
445 3817 730 3881 sacratissimum
748 3833 876 3881 munus
894 3817 1097 3882 Ecclesiam
1130 3818 1296 3901 regendi,
1324 3817 1432 3882 fidem

307 3923 484 3988 edocendi
497 3931 607 4006 atque
623 3923 863 4005 Evangelium
880 3925 918 3987 in
937 3926 1147 3989 universum
1177 3925 1351 3989 mundum
1369 3923 1430 3987 dii·

306 4029 492 4093 iundendi:
513 4045 581 4110 ago
590 4031 680 4109 jam,
696 4045 776 4092 cum
795 4031 1011 4111 propagatio
1030 4031 1113 4094 fidei
1127 4031 1175 4094 sit
1192 4029 1433 4112 proculdubio

307 4136 492 4216 negotium
507 4133 674 4198 altissimi
687 4134 823 4198 ordinis
836 4140 873 4198 et
886 4137 1042 4199 omnium
1062 4136 1430 4218 praestantissimum,

304 4255 419 4304 curae
438 4257 482 4302 ac
500 4239 676 4322 pastorali
700 4239 937 4305 sollicttudini
966 4240 1193 4308 Summarum
1220 4241 1433 4306 Pontificum
