3028 4992
785 376 966 435 -298-

310 521 391 585 laus
409 520 440 585 V
457 519 641 586 Lusitanis
670 519 876 603 impertitus
903 522 1099 584 estomnes
1116 521 1246 596 terras,
1280 533 1372 598 quas
1399 517 1442 581 in
1511 503 1512 530 l

310 627 438 692 Africa
456 627 685 710 detegerent,
700 627 880 710 simulque
895 625 1051 691 caeteris
1063 624 1231 707 gentibus
1248 621 1443 686 interdixit
1511 633 1512 666 t

311 751 494 798 armorum
508 733 764 799 commercium
778 751 860 798 cum
872 733 1016 816 populis
1032 731 1212 814 indigenis
1237 729 1303 794 has
1320 729 1441 811 regio-
1511 739 1512 832 l

310 857 376 904 nes
393 839 657 922 occupantibus
677 840 737 920 (1).

399 946 473 1010 3.¹¹¹¹¹
489 945 639 1010 factum.
669 945 770 1011 Inter
790 945 911 1010 omnia
923 961 1013 1010 vero
1026 944 1126 1008 facta
1138 958 1232 1025 quae
1244 941 1314 1005 hac
1326 957 1443 1023 super
1511 935 1512 1022 j

311 1070 352 1118 re
371 1053 527 1134 allegari
546 1055 709 1135 possent,
729 1052 954 1134 potissimum
982 1051 1099 1114 locum
1121 1048 1261 1113 obtinet
1276 1047 1441 1111 celeber·
1511 1063 1512 1072 ¹

311 1160 406 1224 rima
433 1157 651 1224 Constitutio
668 1158 766 1223 Inter
778 1165 913 1224 coetera
931 1157 979 1242 (2)
996 1157 1042 1220 ab
1055 1153 1265 1220 Alexandro
1278 1152 1328 1217 VI
1340 1169 1441 1217 anno
1511 1215 1512 1220 ,

312 1264 400 1330 1493
417 1265 527 1347 edita,
545 1266 582 1330 in
599 1282 673 1348 qua
690 1264 857 1347 equidem
885 1265 1116 1329 continentur
1148 1265 1304 1344 quatuor
1331 1276 1440 1342 prae·

311 1372 537 1436 sicutissime
554 1372 679 1455 capita
697 1371 861 1453 diligenti
875 1387 963 1434 cura
976 1375 1012 1434 et
1024 1367 1201 1450 singulari
1218 1365 1337 1430 studio
1357 1383 1440 1448 per·
1511 1367 1512 1396 ¹

310 1477 518 1560 pendenda,
537 1479 691 1558 scilicet,
707 1477 888 1553 limitatio,
906 1479 1156 1558 praeceptum,
1171 1473 1390 1551 declaratio,
1405 1477 1443 1535 et

310 1584 520 1666 prohibitio,
540 1601 634 1666 quae
652 1601 719 1667 pro
737 1581 954 1648 illustranda
970 1582 1123 1646 historia
1140 1581 1261 1664 patria
1276 1578 1443 1660 singilla-

310 1691 374 1754 tim
388 1689 652 1771 subjungimus.
1511 1677 1512 1698 ²

401 1795 594 1862 Limitotio.
616 1795 657 1860 ln
675 1795 802 1878 primis
819 1795 914 1859 enim
939 1794 1121 1860 Romanus
1137 1792 1307 1857 Pontifex
1320 1792 1444 1856 termi-

311 1919 378 1966 nos
396 1901 669 1984 possessionum
689 1901 937 1983 Portugalliae
949 1906 986 1964 et
1002 1897 1184 1965 Castellae
1202 1899 1302 1962 bisce
1315 1897 1441 1962 decre·
1511 1961 1512 1980 ,

311 2010 414 2072 toriis
432 2009 601 2092 praefinit
618 2008 753 2072 verbis:
770 2007 1004 2073 “fabricando
1022 2013 1059 2072 et
1071 2005 1315 2072 construendo
1330 2023 1441 2070 unam

311 2115 445 2180 lineam
465 2134 486 2178 u
503 2100 590 2198 polo'
606 2117 746 2181 arctico
760 2117 806 2182 ad
820 2117 940 2200 polum
956 2116 1210 2197 antarcticum,
1228 2131 1323 2198 quae
1341 2114 1443 2178 linea

311 2221 421 2285 distet
437 2240 459 2284 a
478 2222 642 2304 qualibet
658 2223 871 2303 insularum,
886 2239 980 2305 quae
998 2221 1202 2304 vulgariter
1226 2237 1439 2303 nuncupan-

311 2335 372 2390 tur
386 2329 427 2392 de
445 2329 499 2394 las
517 2327 645 2394 Acorea
672 2351 694 2414 p
725 2327 814 2396 Cato
838 2329 958 2408 Vardo,
991 2333 1135 2392 centum
1163 2327 1277 2392 leucis
1307 2343 1441 2391 versus

314 2434 541 2498 occidentem
555 2441 592 2498 et
610 2435 809 2516 meridiem,
825 2435 876 2498 ita
893 2435 989 2517 quod
1007 2451 1132 2498 omnes
1155 2434 1297 2498 insulae
1314 2446 1353 2496 et
1370 2439 1439 2497 ter-

310 2557 376 2604 rae
393 2540 519 2604 firmae
553 2547 724 2622 repertae
741 2545 779 2604 et
796 2541 1048 2623 reperiendae,
1082 2541 1250 2606 detectae
1279 2544 1318 2604 et
1342 2539 1439 2604 dete-

311 2647 455 2726 gendae
472 2666 493 2710 a
511 2647 682 2728 praefata
694 2647 792 2711 linea
805 2665 934 2712 versus
946 2648 1173 2712 occidentem
1185 2651 1223 2712 et
1235 2646 1437 2726 meridiem,

310 2767 378 2831 per
396 2752 505 2815 alium
525 2770 649 2835 regem
667 2757 731 2817 aut
747 2755 949 2837 principem
962 2755 1201 2818 christianum
1213 2771 1286 2818 non
1303 2752 1441 2817 fuerint

310 2857 505 2920 actualiter
524 2876 757 2939 possessae...
793 2860 937 2942 quando
968 2860 1371 2942 fueruntpernunmos
1404 2863 1440 2922 et
1511 2857 1512 2948 l

310 2963 527 3044 capitaneos
542 2969 686 3029 vestros
702 2966 876 3030 inventae
893 2966 1038 3050 aliquae
1056 2966 1327 3050 praedictarum
1342 2967 1437 3030 insu·

308 3068 442 3150 larum,
460 3071 678 3135 auctoritate
695 3073 953 3155 omnipotentis
970 3073 1051 3155 Dei,
1070 3073 1175 3137 nobis
1191 3073 1229 3136 in
1246 3071 1359 3136 beato
1378 3072 1437 3135 Pe·

309 3181 366 3240 tro
386 3193 574 3257 concessa,
594 3195 638 3240 ac
656 3177 856 3242 vicariatus
882 3179 969 3244 Jesu
998 3177 1144 3260 Christi,
1163 3196 1236 3262 qua
1252 3179 1438 3260 fungimur

308 3281 347 3346 in
379 3283 500 3363 terris,
535 3300 616 3347 cum
647 3284 812 3348 omnibus
839 3285 984 3350 illarum
1001 3285 1182 3366 dominiis,
1208 3285 1436 3365 civitatibus,
1511 3339 1512 3374 ,

309 3389 454 3468 castris,
474 3389 565 3452 locis
584 3395 621 3453 et
639 3389 750 3470 villis,
773 3391 987 3473 juribusque
1003 3397 1040 3455 et
1053 3391 1372 3472 jurisdictionibus
1397 3407 1438 3454 ac
1511 3375 1512 3420 ³

308 3494 538 3575 pertinentiis
557 3496 748 3575 universis,
766 3497 872 3560 vobis
889 3496 1179 3580 haeredibusque
1196 3503 1233 3562 et
1249 3515 1436 3563 successo·
1511 3529 1512 3560 ;

309 3599 410 3661 ribus
430 3599 561 3662 vestris
596 3598 793 3681 (Castaliae
811 3605 848 3665 et
863 3600 1034 3682 Legionis
1048 3603 1222 3688 regibus),
1252 3605 1291 3668 in
1308 3621 1437 3687 perpe·
1511 3609 1512 3630 ¹

308 3711 409 3766 tuum
424 3711 552 3770 tenore
566 3709 814 3787 praesentium
828 3707 1261 3792 donamus,concedimus
1289 3717 1327 3776 et
1353 3711 1436 3776 assi·
1511 3755 1512 3774 r

307 3827 527 3894 gnamus...„

381 4115 419 4177 (1)
460 4115 547 4182 Apud
558 4117 700 4183 eumdem,
714 4116 762 4170 lib.
771 4116 821 4172 lx,

381 4185 420 4248 (2)
460 4185 524 4252 Legi
544 4191 680 4252 potestin
694 4189 822 4254 Septimo
844 4187 1108 4262 Decretaltum,qui
1122 4195 1160 4248 ad
1181 4197 1289 4251 calcem
1302 4195 1436 4263 Corporis
1511 4221 1512 4260 ,

309 4252 391 4306 Juris
403 4253 530 4310 habetur
542 4257 597 4310 sub
610 4259 693 4311 titulo
702 4255 748 4311 Dc
758 4259 858 4316 irradia
868 4262 932 4316 notri
942 4263 1022 4318 orbis.
1511 4261 1512 4270 ἶ
