3028 4992
556 411 734 470 -373-

102 550 330 614 necessariam
354 553 628 634 praebentibus,
663 554 758 620 unde
787 556 964 640 originem
997 557 1134 622 ducunt
1157 557 1208 621 di·

100 655 218 737 gnitas,
231 657 327 721 tituli
344 675 389 722 ac
406 659 654 740 praelationes
671 658 878 726 Nationum.

176 763 229 826 43.
279 763 555 830 indifferentia
585 769 778 851 categorico
794 768 958 833 Statuum
985 770 1057 832 tria
1084 769 1206 834 distin-

99 883 198 947 guere
223 873 378 951 oportet,
399 871 584 951 videlicet,
604 872 815 954 dignitatem
837 877 993 956 (range),
1012 875 1154 939 titulum
1172 880 1209 940 et

100 975 350 1055 praelationem
368 978 638 1062 (preferencialt
658 981 810 1064 dignitas
834 981 924 1045 nihil
942 981 1040 1046 aliud
1058 985 1113 1046 est
1139 982 1209 1047 nisi

98 1085 273 1163 expressio
307 1091 461 1148 externa
490 1087 743 1167 praestantiae
774 1088 948 1170 politicae
975 1107 1037 1153 seu
1065 1090 1208 1171 imperii

99 1189 367 1272 uniuscnjusque
384 1189 520 1271 Statum
540 1191 672 1256 exinde
700 1193 864 1274 procedit
881 1193 1064 1258 distinctio
1093 1195 1208 1258 natio·

99 1310 172 1357 num
196 1297 231 1358 in
259 1295 380 1362 Status
409 1299 619 1381 imperiales,
637 1301 770 1384 reputes
789 1300 932 1381 (quibus
958 1301 1209 1365 accensendas

99 1399 332 1486 Reipublicae,
353 1405 439 1486 quia
463 1404 620 1487 dignitas
638 1407 861 1488 categoriam
889 1407 1014 1486 afficit,
1033 1407 1129 1470 haud
1149 1425 1204 1470 ve-

97 1525 133 1572 ro
145 1510 294 1576 formam
311 1513 497 1594 regiminis
513 1514 675 1594 respicit)
691 1520 727 1577 at
740 1537 806 1579 uon
823 1517 965 1599 repetes.
979 1513 1101 1577 Status
1116 1514 1206 1595 regii

96 1619 130 1679 et
144 1617 347 1699 imperiales
360 1619 596 1700 sequentibus
614 1622 884 1702 praerogativis
900 1627 1087 1684 ornantur:
1102 1621 1207 1684 titulo

98 1723 327 1806 majestatico,
347 1725 523 1806 peculiari
554 1733 655 1790 scuto
686 1745 880 1808 armorum,
901 1728 1054 1808 speciali
1082 1745 1126 1790 ac
1153 1745 1207 1791 so·

98 1827 253 1894 lemniori
281 1834 544 1914 caerimoniali,
563 1851 705 1898 necnon
718 1836 801 1916 jure
818 1837 959 1916 legatos
977 1855 1040 1900 seu
1058 1841 1208 1917 agentes

15 1979 17 2008 ,
96 1935 340 2018 diplomaticus
355 1943 462 2022 primi
480 1941 616 2004 ordinis
634 1943 812 2005 mittendi.

181 2047 316 2114 Titulus
333 2052 389 2111 est
417 2048 595 2131 quaedam
624 2053 765 2112 tessera
783 2049 844 2113 vel
872 2053 959 2112 uota
987 2049 1207 2130 extrinseca,

15 2137 17 2214 l
97 2168 195 2232 quam
214 2171 337 2217 omues
354 2153 475 2218 Status
494 2156 761 2236 praeseferunt,
777 2155 983 2236 Summique
1001 2155 1209 2218 eorumdem

97 2255 314 2340 Imperantes
344 2260 535 2324 ostendere
565 2262 696 2343 solent,
740 2262 882 2343 quoties
911 2261 1031 2342 agitur
1067 2261 1111 2324 de
1129 2262 1209 2325 sub-

15 2411 17 2426 .
96 2365 287 2446 scriptione
301 2365 603 2448 conventionum,
619 2367 832 2430 adsistentia
845 2367 891 2430 ad
908 2366 1131 2448 Congressus
1149 2367 1210 2432 vel

15 2559 16 2562 Ἴ
97 2469 172 2534 aliis
202 2473 343 2536 actibus
376 2473 731 2536 internetionalibus.
767 2471 860 2538 Olim
890 2474 1091 2555 recognitio
1123 2474 1210 2539 novi

15 2623 16 2638 ,
99 2577 184 2641 tituli
201 2597 311 2662 aegre
330 2579 571 2660 obtinebatur;
592 2579 784 2646 hodiedum
817 2587 937 2643 autem
965 2581 1074 2644 facile
1107 2597 1208 2644 acce-

98 2687 223 2766 ptatur,
239 2687 269 2749 si
283 2703 400 2754 novus
417 2685 542 2749 titulus
554 2685 722 2766 dignitati
738 2691 773 2748 et
788 2685 985 2750 conditioni
998 2687 1210 2750 internetio-

99 2793 164 2856 nali
181 2793 302 2858 Status
327 2794 538 2872 cohaereat;
560 2793 611 2856 ita
637 2794 816 2856 cernimus
841 2794 983 2858 titulum
1001 2794 1209 2876 Imperatri·

96 2897 144 2962 cis
159 2899 342 2963 Indiarum
359 2899 497 2962 recenti
516 2899 659 2981 epocha
672 2899 833 2980 Reginae
850 2899 1006 2982 Angliae
1022 2901 1209 2980 tributum,

98 3010 197 3088 atque
225 3007 468 3070 recentiorem
493 3005 612 3069 adhuc
639 3007 998 3071 transformationem
1026 3007 1211 3087 Principe·

99 3117 188 3176 tuum
204 3113 430 3176 Rhumaniae
455 3129 499 3174 ac
515 3110 668 3175 Serviae
686 3112 722 3174 in
740 3130 854 3193 regna
873 3114 944 3176 cito
963 3131 1028 3194 per
1046 3113 1211 3175 diversas

98 3222 255 3284 nationes
273 3222 398 3302 agnita
415 3219 539 3282 fuisse.
560 3217 638 3281 Hae
655 3235 764 3300 super
792 3237 832 3281 re
861 3219 1045 3282 recenseri
1072 3235 1211 3281 meren-

98 3329 150 3388 tur
165 3327 325 3408 religiosi
354 3325 449 3388 tituli
468 3325 597 3407 quibus
624 3325 788 3388 nonnulli
806 3324 973 3405 Europae
990 3324 1212 3387 Monarchae

96 3433 297 3498 aRomanis
314 3433 547 3499 Pontificibus
576 3431 740 3512 insigniti
769 3431 871 3494 fuere
897 3433 934 3494 in
951 3431 1211 3493 remuneratio-

97 3553 171 3604 nem
197 3540 395 3618 singularis
424 3541 654 3606 adhaesionis
685 3557 773 3620 erga
802 3536 972 3600 Sanctam
998 3535 1125 3600 Sedem
1150 3538 1211 3600 vel

95 3645 311 3711 defensionis
341 3647 542 3727 Ecclesiam
563 3648 615 3710 sic
643 3647 720 3710 Rex
748 3643 946 3726 Hispaniae
965 3649 1118 3707 vocatur
1147 3663 1212 3708 rex

95 3755 288 3836 catholicus,
308 3753 384 3817 Rex
410 3753 554 3817 Galliae
580 3753 890 3817 christianissimus
919 3752 1211 3832 nuncupabatur,

97 3856 167 3924 Rex
183 3860 339 3942 Angliae
357 3861 519 3944 defensor
540 3859 622 3946 fidei
652 3859 853 3939 dicebatur,
871 3858 949 3922 Rex
965 3857 1213 3939 Portugalliae

93 3966 311 4048 fidelissimus
328 3965 547 4046 nominatur,
569 3971 678 4046 atque
695 3965 900 4046 Imperator
916 3963 1088 4028 Austriae
1113 3967 1213 4046 utpo-

97 4075 129 4134 te
144 4071 220 4137 Rex
236 4071 447 4154 Hungariae
464 4074 629 4157 majestas
647 4071 837 4154 apostolica
855 4070 1074 4152 appellatur.

179 4179 358 4244 Praelatio
376 4177 509 4241 dicitur
523 4179 582 4259 jus
601 4176 844 4258 praecedendi
858 4177 964 4257 juxta
988 4177 1214 4240 consuetudi-

95 4300 173 4350 nem
203 4287 264 4352 vel
297 4285 444 4368 regulas
473 4283 776 4348 internetionales
809 4281 970 4346 Statibus
1017 4301 1214 4365 eorumque
