3096 4986
102 563 288 644 praevaluit
314 563 443 629 eadem
461 565 696 646 consuetudo,
726 565 842 630 donec
866 566 1061 630 recentiori
1080 569 1202 630 aetate

100 668 229 734 inducta
240 676 295 736 est
320 667 516 736 erroneum*
525 672 743 755 principium
757 681 794 736 et
822 673 980 738 exitialis
997 673 1140 737 theoria
1157 672 1202 736 de

101 775 327 858 scholalaica3
345 775 398 841 3.⁰
423 779 654 860 vigilantiam
682 797 746 842 seu
763 779 1039 860 inspectionem,
1065 796 1110 841 ne
1128 796 1200 842 rna-

101 881 186 961 gistri
216 883 453 948 christianam
486 885 690 949 doctrinam
723 891 938 966 pervertant
971 892 1034 949 aut
1064 884 1202 966 aliquid

101 987 198 1053 ninus
213 999 353 1054 rectum
368 991 529 1072 tradant;
557 991 611 1055 4.⁰
636 993 883 1056 exclusionem
911 1009 975 1056 seu
999 990 1199 1073 separatio·

101 1111 166 1159 uem
181 1097 449 1180 magistrorum,
469 1100 531 1180 qui
562 1100 684 1164 idonei
701 1117 773 1163 non
805 1099 877 1163 sint
893 1099 954 1163 vel
971 1105 1096 1162 rectae
1112 1097 1201 1161 fidei

100 1207 272 1285 attentent3
290 1222 376 1268 nam
395 1205 554 1269 officium
581 1211 725 1288 patrum
743 1205 803 1270 vel
834 1208 1053 1271 transfertur
1071 1207 1108 1269 in
1126 1223 1200 1272 ma·

98 1307 215 1386 gistros
252 1312 454 1377 substitutos
492 1313 553 1394 qui
593 1312 759 1394 patribus
790 1312 999 1376 absentibus
1035 1313 1199 1394 collegiis

102 1415 355 1497 praeficiuntur,
374 1417 436 1480 vel
470 1419 681 1499 partialiter
713 1418 1000 1482 communicatur
1017 1419 1200 1498 magistris

99 1522 348 1606 coadjutoribus,
367 1523 429 1606 qui
446 1529 585 1588 tantum
615 1525 900 1607 patresfamilias
917 1531 1130 1606 praesentes
1147 1524 1199 1586 in-

101 1627 145 1687 tra
170 1632 350 1692 autextra
379 1629 522 1693 domum
552 1631 743 1712 adjuvant3
772 1631 836 1695 sed
866 1633 903 1696 in
936 1638 1088 1713 utroque
1112 1647 1200 1694 casu

99 1747 223 1814 semper
250 1735 416 1816 magistri
445 1753 639 1818 personam
668 1744 813 1819 patrum
841 1744 983 1820 gerunt:
1001 1739 1078 1819 jam
1094 1755 1198 1816 vero,

100 1841 380 1916 quemadmodum
403 1843 668 1924 paterfamilias
697 1845 762 1906 sub
792 1843 979 1908 Ecclesiae
1005 1843 1199 1926 vigilantia

99 1949 129 2005 ct
151 1945 342 2012 directione
360 1956 427 2030 est,
448 1951 493 2012 ab
511 1967 627 2032 eaque
656 1949 763 2032 dirigi
781 1967 826 2014 ac
844 1951 977 2032 corrigi
995 1959 1127 2032 potest,
1147 1951 1200 2013 sic

99 2049 191 2115 etiam
214 2055 379 2135 magistri
396 2055 560 2119 eamdem
587 2055 867 2138 dependentium
891 2075 980 2138 erga
997 2057 1200 2120 Ecclesiam

101 2152 226 2239 hahent,
245 2177 339 2242 quae
356 2161 454 2242 ipsos
472 2179 544 2226 non
561 2161 678 2226 solum
695 2163 852 2244 dirigere
869 2168 906 2226 et
923 2163 1119 2243 corrigere,
1138 2177 1199 2224 ve·

100 2277 164 2326 rum
184 2266 290 2329 etiam
308 2283 500 2331 removere
525 2269 670 2350 poterit3
690 2270 775 2350 quia
803 2269 885 2332 dum
911 2269 970 2350 jus
988 2266 1201 2331 instituendi

100 2366 275 2435 christiane
300 2372 394 2436 lilios
417 2373 454 2436 in
483 2375 647 2455 patribus
665 2383 721 2438 est
748 2377 935 2458 proprium
964 2383 1000 2438 et
1017 2373 1197 2456 naturale,

99 2473 417 2543 fluensnecessario
446 2498 492 2544 ex
510 2483 722 2546 extensione
751 2482 978 2546 auctoritatis
1008 2487 1197 2563 pateruae,

102 2585 199 2661 posita
223 2587 400 2668 qualitate
418 2587 695 2655 christianitatis
712 2590 748 2652 in
766 2577 884 2671 patre,
901 2591 1084 2670 magistris
1101 2589 1200 2653 dum-

100 2696 185 2753 taxat
211 2693 305 2756 inest
328 2694 431 2757 velut
458 2693 666 2775 delegatum
695 2699 732 2759 et
761 2696 1012 2760 adventitium.
1043 2696 1198 2777 idcirco,

100 2801 243 2874 quamvis
257 2805 383 2882 patres
392 2803 611 2882 regulariter
621 2801 802 2884 loquendo
814 2804 995 2867 removeri
1005 2807 1199 2884 nequeant,

100 2900 156 2964 nisi
168 2905 201 2967 in
214 2906 357 2970 casibus
382 2907 568 2988 extremiS,
583 2925 664 2971 curn
682 2909 792 2972 etiam
810 2911 1028 2974 auctoritate
1046 2916 1201 2990 paterna

99 3012 323 3095 expoliantur,
344 3021 477 3078 tamen·
495 3015 660 3097 magistri
683 3017 848 3097 patribus
877 3017 1059 3081 substituti
1084 3034 1199 3080 remo·

100 3117 164 3179 reri
180 3127 312 3200 queunt
329 3121 390 3186 vel
408 3121 453 3184 ab
482 3122 571 3203 ipsis
590 3122 916 3203 patribusfamilias
933 3123 1200 3203 delegationem

100 3227 450 3307 ret1·actantibus,vel
467 3228 513 3291 ab
529 3227 656 3291 eadem
673 3227 840 3293 Ecclesia
856 3237 930 3293 tum
945 3230 1122 3292 indirecte
1137 3245 1199 3308 pa·
1221 3281 1224 3291 .

99 3331 160 3391 tres
174 3333 332 3414 cogendo
350 3333 396 3397 ad
413 3335 659 3399 revocandam
674 3334 953 3417 delegationem,
968 3339 1042 3398 tum
1059 3334 1198 3397 directe

100 3435 195 3500 malos
212 3439 428 3504 christianos
447 3447 482 3503 et
511 3441 705 3523 magistros
722 3447 955 3523 corruptores
973 3441 1018 3504 ab
1036 3440 1105 3504 hoc
1121 3440 1198 3503 cffi-

98 3537 144 3602 cio
157 3542 412 3610 interdicendo.

171 3647 221 3714 Ex
233 3651 432 3733 praejactis
445 3652 600 3715 infertur
614 3651 803 3717 Ecclesiae
815 3652 935 3716 inesse
945 3653 1004 3733 jus
1017 3653 1200 3735 integrum

99 3751 272 3827 positivum
287 3761 362 3821 tum
376 3757 495 3840 quoad
510 3759 838 3840 praescriptionem
852 3758 1109 3838 docendorum,
1124 3766 1200 3822 tum

97 3859 199 3935 quoad
211 3863 456 3934 exclusionem
473 3881 724 3946 personarum,
741 3882 834 3947 quae
848 3865 1104 3947 patrifamilias
1118 3863 1200 3926 sub·

98 3963 284 4051 stituantur,
303 3971 333 4034 si
345 3969 435 4034 fides
452 3970 512 4034 vel
530 3987 648 4035 mores
665 3971 702 4034 in
720 3970 928 4034 discrimine
946 3975 1197 4050 versarentnr;

97 4069 150 4134 sed
172 4076 272 4141 modo
290 4077 491 4159 quaeritur,
513 4095 559 4141 an
584 4079 793 4160 requiratur
818 4077 1021 4159 designatio
1039 4077 1101 4140 vel
1129 4077 1200 4141 sal-

97 4179 156 4242 tem
177 4183 391 4264 approbatio
408 4185 567 4266 positiva
591 4183 793 4266 Ecclesiae,
812 4189 851 4248 ut
876 4183 1052 4266 ejusmodi
1076 4201 1198 4267 perso·

96 4296 164 4366 nae,
187 4295 329 4370 petrum
352 4290 472 4355 vicem
500 4297 683 4372 gerentes,
709 4307 859 4356 munere
882 4290 1107 4356 catechistae
1135 4307 1204 4360 seu,
