3058 4994
615 377 793 434 -475-

136 520 313 602 (requisa)
329 524 365 584 et
381 520 612 585 detrimento:
632 520 660 604 ⁸)
678 523 921 586 contributione·
945 525 1211 604 proportionali
1228 529 1266 588 et

136 627 401 708 aequitativae,
422 645 515 710 quae
533 646 554 690 a
572 629 715 710 populis
732 627 961 692 inoffensivis
979 635 1015 691 et
1032 631 1172 692 civibus
1202 650 1264 712 pa-

137 733 251 798 cificis
270 735 367 815 exigi
383 740 504 815 potest
520 735 602 798 vioe
621 736 760 816 antiqui
778 741 814 798 et
831 736 978 798 barbari
999 737 1104 816 juris,
1120 755 1184 799 seu
1204 756 1263 817 po-

136 841 208 904 tius
226 841 359 904 abusus
374 841 589 904 vastationis
608 847 644 904 et
659 841 871 923 direptionis
890 841 1053 924 (saqueo)
1080 859 1264 924 nuncupa-

135 949 177 1028 ti3
194 945 221 1026 b)
234 949 463 1031 requisitioni,
492 947 528 1010 id
558 953 624 1026 est,
656 949 925 1029 expropiationi
955 957 1108 1012 coactae
1133 967 1264 1031 aequo-

134 1071 229 1133 rum,
249 1054 417 1132 vestium,
436 1071 617 1132 annonae,
648 1063 949 1136 caeterarumque
967 1072 1101 1134 rerum,
1135 1057 1265 1136 quibus

135 1162 343 1225 excercitus
376 1161 550 1243 indigent,
584 1163 774 1224 dummodo
803 1163 973 1242 praefata
1020 1163 1209 1242 requisitio
1243 1180 1265 1224 a

135 1268 326 1350 praefecto
346 1269 497 1332 militum
516 1269 576 1332 vel
594 1269 739 1332 nomine
768 1267 1138 1360 Statusxdecernatur,
1158 1267 1265 1332 modo

135 1376 364 1457 aequitativo
381 1382 417 1438 et
435 1376 699 1456 proportionali
724 1376 800 1450 fiat,
831 1375 1036 1438 intercedat
1064 1377 1264 1439 auotoritas

133 1481 278 1558 localia,
312 1490 422 1563 atque
455 1482 577 1545 debita
609 1483 728 1545 cautio
762 1489 970 1563 praestetur
1003 1481 1062 1544 vel
1098 1481 1264 1544 tradatur

135 1589 386 1653 authenticum
421 1589 674 1652 documentum
717 1590 764 1652 ad
796 1589 1140 1669 compensationem,
1174 1587 1266 1651 inita

133 1713 239 1777 pace,
258 1695 504 1775 obtinendam
523 1700 547 1774 ο)
567 1697 780 1776 detrimento,
811 1695 945 1758 etenim
970 1695 1102 1758 damna
1119 1713 1164 1758 ex
1181 1711 1263 1758 oon·

1 1767 2 1776 ἵ
30 1819 38 1829 ’
133 1801 235 1866 flictu
252 1803 430 1866 bellorum
460 1803 599 1866 directe
625 1820 668 1866 ao
693 1803 888 1866 inmediate
912 1809 1066 1884 sequuta
1092 1809 1130 1866 ut
1146 1802 1261 1882 ,pluri-

134 1925 232 1972 mum
248 1909 395 1973 officere
413 1909 531 1972 solent
552 1910 647 1972 bona
665 1909 863 1972 immobilia
876 1909 1008 1972 civium
1023 1909 1262 1990 privatorum,

135 2015 211 2096 qui,
230 2015 317 2078 licet
331 2017 435 2079 inviti
453 2021 490 2079 et
506 2035 527 2080 a
544 2033 667 2097 pugna
684 2033 833 2098 prorsus
852 2016 975 2096 alieni,
995 2017 1116 2079 subire
1133 2033 1265 2096 cogun-

135 2129 195 2185 tur
212 2123 441 2186 consectaria
455 2124 647 2185 certamini
664 2123 905 2186 inhaerentia.

225 2231 445 2310 Agnoscitur
462 2231 604 2294 demum
618 2231 716 2294 bella
728 2231 917 2294 terrestria
929 2229 1138 2310 gerentibus
1151 2229 1264 2292 iacul-

135 2341 194 2398 tas
211 2338 364 2399 exuvias
383 2337 512 2416 (botin)
530 2337 692 2414 suijuris
721 2336 893 2402 faciendi:
920 2335 983 2398 sed
1000 2335 1190 2398 hodiedum
1209 2354 1263 2397 so·

134 2441 317 2506 lummodo
334 2443 393 2505 ias
407 2451 462 2506 est
476 2461 609 2524 capere
623 2459 667 2505 ac
682 2444 838 2506 retinere
854 2442 1041 2505 manubias
1060 2459 1168 2504 sensu
1184 2441 1263 2504 stri.

134 2547 243 2611 ctiori
260 2556 434 2630 sumptas,
454 2551 635 2626 nimirum,
655 2565 712 2612 res
731 2566 855 2612 omnes
881 2549 926 2611 ad
960 2549 1181 2612 excercitum
1199 2549 1263 2610 ini-

136 2653 268 2718 micum
303 2657 501 2720 attinentes
519 2673 563 2720 ex
584 2657 705 2718 usibus
722 2655 808 2718 belli
826 2655 963 2718 directe
997 2655 1260 2718 deservientes.

227 2761 302 2824 144.
352 2761 440 2826 Cum
474 2779 563 2824 vero
593 2762 637 2824 de
666 2762 772 2824 bellis
807 2761 995 2824 maritimis
1029 2763 1161 2842 agitur,
1193 2763 1261 2823 ori-

139 2873 198 2930 tur
222 2869 475 2932 coutroversia
499 2868 622 2948 magni
647 2869 829 2946 momenti;
850 2868 977 2949 quaeri
1006 2869 1100 2930 enim
1125 2868 1263 2930 assolet

138 2983 258 3038 utrum
284 2983 434 3057 captare
460 2976 570 3038 liceat
587 2975 848 3056 proprietatem
877 2976 1071 3056 privatam,
1092 2975 1159 3037 hoc
1187 2982 1255 3052 est,

136 3099 253 3144 naves
271 3091 308 3144 et
321 3099 459 3146 merces
474 3083 608 3145 civium
623 3083 869 3162 pacificorum*
884 3082 1015 3145 solutio
1029 3081 1134 3160 hujus
1150 3099 1256 3163 quae·

135 3187 265 3250 ationis
289 3187 386 3251 haud
416 3189 558 3268 exiguis
583 3187 856 3251 difficultatibus
884 3195 1013 3267 scatet,
1036 3189 1170 3269 quippe
1197 3187 1263 3250 Jus

142 3291 319 3358 Naturale
337 3301 445 3376 atque
462 3295 529 3358 Jus
547 3294 745 3358 Positivum
763 3275 1049 3357 Internationale
1068 3294 1136 3356 hac
1152 3311 1264 3375 super

142 3417 185 3464 ro
202 3407 329 3482 aperte
347 3400 574 3464 dissentiant.
590 3399 864 3481 Perspicuitutis
881 3401 1000 3481 gratia
1014 3400 1262 3480 quaestionem

134 3508 334 3592 practicam
351 3525 372 3569 a
390 3507 602 3587 quaestione
611 3508 773 3592 juridico
791 3505 1063 3587 distinguemus.

225 3613 281 3676 Ad
308 3615 442 3698 factum
460 3613 555 3695 quod
572 3621 726 3694 spectat,
754 3614 861 3691 juxta
879 3614 1058 3694 principia
1074 3613 1095 3676 J
1099 3614 1171 3676 uris
1197 3631 1260 3693 po·

137 3718 238 3782 sitivi
255 3720 415 3801 gentium
434 3717 625 3782 hodiedum
643 3718 818 3798 vigentia,
834 3725 987 3798 captura
1004 3719 1152 3780 navium
1171 3735 1260 3780 mer-

136 3827 359 3890 catoriarum
385 3843 582 3907 earumque
600 3842 748 3888 onerum
778 3825 816 3887 in
845 3842 921 3887 rem
945 3824 1145 3904 judicatam
1162 3832 1258 3886 tran·

135 3933 208 4012 siit,
227 3933 278 3996 ita
307 3941 345 3996 ut
375 3933 536 4014 ipsarum
565 3932 808 4014 apprehensio
839 3929 1012 4012 praedam
1043 3931 1262 3993 maritimam

135 4039 345 4119 constituat,
365 4053 400 4103 et
413 4041 568 4124 practice
586 4039 710 4101 valida
735 4045 772 4114 et
798 4037 961 4119 legitima
974 4045 1180 4115 censeatur,
1211 4037 1262 4100 uti

135 4144 176 4206 iit
193 4161 273 4208 cum
291 4147 447 4227 navigiis
477 4146 720 4227 praeliaribus
748 4145 806 4227 (de
830 4147 976 4226 guerra)
1007 4151 1043 4208 et
1072 4143 1262 4227 praedato·

134 4250 198 4314 riis
216 4253 424 4331 (cursarius)
443 4253 672 4334 nuncupatis.
