3062 4994
805 409 983 468 -178-

334 569 416 616 nem
433 551 620 633 reductae,
638 555 675 616 et
691 552 849 616 fortasse
882 553 919 617 in
937 558 1122 636 posterum
1140 554 1270 635 majori
1286 571 1468 636 pressura

334 661 371 722 et
387 657 546 722 saeviori
560 659 797 740 oppressione
811 659 1020 738 vexandae)
1040 659 1139 724 nullo
1157 665 1266 742 pacto
1284 658 1467 741 Principi-

333 764 400 828 bus
413 765 662 830 saecularibus
675 769 933 830 nocumentum
946 764 1097 846 afferre,
1114 765 1166 830 uti
1180 765 1329 830 cuilibet
1340 765 1467 829 eluce-

333 871 398 951 bit,
417 871 495 936 sive
513 887 572 936 res
589 871 656 936 sub
674 875 825 954 aspectu
836 872 983 955 politico
1002 887 1046 936 ac
1074 871 1317 953 gubernativo
1348 871 1467 954 inspi-

334 978 464 1058 ciatur,
479 977 558 1042 sive
572 975 660 1040 ordo
678 980 911 1044 oeconomicus
929 983 966 1041 et
982 975 1294 1042 administratione
1319 981 1468 1060 specte-

333 1091 404 1148 tur.

423 1188 495 1254 Sub
506 1193 676 1271 respectu
682 1191 842 1276 juridico
870 1189 1063 1271 imperinm
1089 1187 1306 1271 (Soberoaial
1323 1187 1466 1254 Princi-

332 1314 419 1379 pum
436 1295 566 1377 maj0ri
583 1296 645 1360 vel
662 1297 790 1360 minori
819 1296 1111 1360 accumulatione
1142 1295 1317 1360 bonorum
1347 1295 1466 1360 stabi·

332 1403 420 1468 lium
438 1407 501 1466 aut
523 1403 660 1466 divitiis
678 1403 758 1484 plus
787 1403 952 1466 minusve
985 1403 1142 1485 copiosis
1174 1401 1363 1468 Ecclesiae
1395 1419 1467 1466 nec

331 1509 489 1574 laeditur
506 1527 574 1574 nec
590 1510 824 1588 imminuitur,
855 1509 1149 1592 quandoquidem
1179 1510 1330 1590 praedia
1348 1527 1467 1574 sacra

332 1633 404 1680 non
418 1621 501 1680 sunt
513 1617 686 1682 immunia
703 1635 724 1680 a
734 1615 988 1698 jurisdictione
1005 1617 1188 1682 saeculari
1214 1617 1364 1698 Regum,
1399 1617 1468 1681 sed

333 1727 474 1788 tantum
487 1723 635 1806 templa,
646 1723 878 1794 coemeteria.
887 1723 1032 1806 aliaque
1043 1723 1125 1788 loca
1135 1723 1349 1802 assimilata;
1363 1721 1467 1786 ideo-

335 1847 405 1912 que
423 1829 542 1894 civilis
570 1827 796 1894 Summorum
824 1830 1087 1911 Imperantiurn
1117 1829 1317 1894 auctoritas
1346 1828 1469 1892 etiam

333 1939 528 2000 exercetur
566 1936 602 2000 in
634 1935 774 2000 incolas
813 1935 1082 2018 possessionum
1122 1953 1186 2000 seu
1226 1933 1466 2016 praediorum

333 2041 535 2123 Ecclesiae,
554 2043 615 2124 qni
632 2041 798 2123 proiecto
827 2042 1002 2122 potestati
1030 2041 1220 2122 legiferae,
1236 2039 1410 2122 judiciali
1430 2047 1468 2104 et

333 2149 569 2214 exsecutivae
582 2147 789 2230 Principum
803 2149 947 2212 omnino
963 2149 1217 2230 subjiciuntur.

422 2253 526 2336 Quod
539 2271 627 2320 vero
642 2255 687 2318 ad
702 2254 865 2318 ordinem
881 2256 1131 2320 oeconomicum
1145 2259 1182 2318 et
1199 2253 1467 2318 administrati-

331 2381 419 2428 vum
437 2361 578 2441 attinet,
599 2361 659 2441 jus
675 2360 883 2442 Principum
901 2359 1072 2442 exigendi
1100 2361 1236 2424 tributa
1262 2360 1322 2424 vel
1342 2363 1468 2442 perci·

332 2469 455 2553 piendi
474 2468 673 2550 vectigalia
686 2485 732 2532 ex
745 2467 849 2532 bonis
862 2467 1106 2532 immobilibus
1123 2467 1171 2531 ad
1184 2467 1330 2548 publica
1343 2485 1469 2531 onera
1520 2449 1521 2477 ³

332 2575 561 2642 sublevanda
578 2576 717 2640 nullum
749 2575 1003 2640 detrimentum
1022 2581 1210 2658 pateretur
1228 2575 1273 2640 ob
1290 2575 1469 2659 frequen-

333 2689 387 2748 tes
404 2685 465 2747 vel
497 2683 650 2765 pingues
666 2683 926 2766 acquisitiones
944 2682 1148 2764 Ecclesiae;
1167 2682 1333 2765 quamvis
1364 2683 1469 2746 eninr

330 2789 539 2854 immunitas
556 2791 663 2854 realia
681 2789 816 2870 triplici
833 2795 1014 2871 conceptu
1031 2787 1274 2856 adscribenda
1291 2795 1327 2851 et
1345 2805 1466 2869 agno·
1519 2783 1520 2809 ¹

332 2895 468 2962 scenda
481 2897 528 2960 sit
539 2896 706 2960 societati
719 2913 741 2958 a
751 2894 894 2960 Christo
908 2895 1090 2978 conditae,
1104 2897 1257 2977 scilicet,
1272 2900 1469 2978 tamquam

329 3008 389 3092 jus
401 3003 699 3082 sacratissimum,
720 3003 805 3084 quia
823 3002 986 3068 Ecclesia
1018 3019 1100 3068 cum
1118 3003 1282 3068 omnibus
1300 3002 1411 3067 bonis
1430 3007 1469 3067 et
1518 3079 1519 3084 ,

331 3111 441 3174 rebus
458 3109 532 3174 suis
548 3115 604 3172 eat
616 3107 866 3188 independens
884 3127 906 3172 a
925 3109 1025 3174 civili
1041 3113 1234 3191 potestate,
1248 3126 1292 3172 ac
1305 3107 1468 3190 proinde
1518 3095 1519 3143 ³

332 3219 411 3298 eJus
425 3215 577 3299 praedia
592 3233 639 3280 ex
657 3231 756 3278 mero
769 3215 853 3295 jnre
871 3215 1045 3280 immunia
1060 3215 1242 3290 habentur
1260 3233 1281 3278 a
1298 3215 1465 3292 tributis;

331 3325 434 3388 velut
456 3323 681 3408 privilegium
714 3322 951 3402 caeteroquin
993 3321 1245 3402 justissimum,
1287 3324 1468 3403 quoniam
1517 3305 1518 3314 ἵ

331 3429 498 3494 Ecclesia
515 3430 727 3493 societatem
757 3427 904 3492 civilem
930 3428 1096 3509 adjnvat,
1116 3432 1227 3510 atque
1245 3426 1386 3492 idcirco
1406 3446 1467 3492 ae·
1517 3413 1518 3477 l

332 3553 441 3616 quum
459 3541 514 3598 cst
531 3537 566 3598 in
584 3533 917 3614 compensationem
946 3535 1014 3600 sibi
1040 3534 1230 3598 vindicare
1257 3533 1375 3614 possit
1400 3539 1468 3598 aut

333 3643 448 3706 cidem
466 3649 596 3723 sponte
614 3643 819 3706 tribuantur
833 3639 1012 3722 quaedam
1027 3639 1237 3721 privilegia,
1251 3639 1348 3702 inter
1366 3657 1467 3721 qnae

332 3753 433 3812 recte
450 3748 653 3828 computari
670 3747 772 3811 valet
788 3747 971 3826 exemptio
1001 3764 1023 3810 a
1051 3745 1208 3826 tributis;
1229 3745 1280 3808 uti
1314 3764 1467 3812 commo-

332 3857 414 3921 dam
430 3854 566 3918 sociale
582 3853 728 3918 aliunde
746 3851 987 3933 utilissimum,
1006 3853 1093 3934 quia
1111 3851 1279 3916 societati
1293 3850 1468 3916 christia-
1515 3899 1516 3952 ᾖ

332 3979 402 4026 nae
419 3963 513 4026 inest
530 3959 704 4042 obligatio
724 3958 913 4024 Ecclesiae
937 3957 1195 4041 suppeditandi
1225 3957 1348 4022 omnia
1366 3975 1468 4039 quae

333 4067 367 4130 ei
384 4066 591 4132 necessaria
610 4067 757 4148 fuerint3
787 4067 817 4132 si
833 4067 944 4147 igitur
970 4067 1084 4148 aliqui
1112 4065 1282 4148 generosi
1311 4064 1468 4130 beneia-

333 4176 453 4236 ctores
471 4171 659 4236 Ecclesiae
675 4172 771 4236 bona
788 4172 1006 4253 temporalia
1019 4173 1191 4254 offerant,
1206 4187 1250 4235 eo
1267 4170 1348 4252 ipsc
1366 4173 1401 4251 ej
1409 4188 1468 4236 us·

333 4277 428 4342 modi
441 4277 491 4360 pii
508 4277 685 4343 donantes
699 4282 867 4342 caeteros
891 4295 955 4342 seu
975 4279 1156 4360 integram
1173 4277 1395 4342 societatem
1416 4295 1470 4352 ex
