3058 4994
1510 297 1511 340 l

784 409 821 422 -
843 377 963 437 410-

313 523 350 584 et
363 520 545 602 Hispanos
561 519 727 586 detectae
745 527 829 585 sunt
846 521 942 603 apud
959 521 1081 584 Indiae
1100 519 1305 586 Orientales
1325 525 1438 600 atque

314 623 583 691 Occidentales:
610 627 802 690 hodiedum
832 633 952 692 autem
970 627 1147 708 ejusmodi
1175 628 1438 708 acquisitiones
1510 629 1511 650 ¹

312 734 378 798 vix
407 739 470 798 aut
498 751 543 798 ne
561 735 623 798 vix
648 735 792 816 quidem
821 735 938 798 locum
967 735 1131 798 obtinere
1160 739 1324 815 possunt,
1355 748 1437 795 cum
1510 745 1511 780 ;

314 857 442 904 omnes
457 839 518 904 vel
535 841 612 904 fere
630 858 754 905 omnes
772 840 869 905 orbis
886 846 1007 904 terrae
1022 841 1097 921 jam
1115 840 1333 920 exploratae
1350 839 1437 901 siut.

405 949 590 1030 Attamen,
621 965 701 1012 cum
733 965 853 1012 novae
881 948 1021 1012 insulae
1052 947 1239 1012 efformari
1267 949 1437 1027 possunt,

315 1054 379 1118 vel
403 1055 588 1118 territoria
616 1054 792 1118 derelicta
820 1054 973 1136 reperiri
989 1059 1053 1117 aut
1080 1053 1248 1134 regiones
1272 1053 1437 1116 incultae
1510 1103 1511 1108 ,

318 1159 505 1241 occupari,
524 1161 645 1240 gratia
670 1160 797 1222 civiles
816 1177 934 1224 mores
958 1159 1153 1224 inducendi
1176 1156 1439 1242 (civilizacidn)
1510 1145 1511 1200 ἓ

314 1267 378 1330 vel
410 1267 573 1331 colonias
604 1267 815 1332 instituendi
848 1267 1137 1350 (colonizaoidn),
1168 1267 1199 1330 si
1230 1266 1439 1330 sententiae
1510 1311 1511 1316 η

317 1373 554 1456 quorumdam
570 1375 783 1454 Juristarum
802 1375 1076 1456 occupationem
1110 1374 1298 1454 regionum
1328 1373 1437 1436 silve·
1510 1453 1511 1460 ἵ

315 1479 443 1542 atrium
457 1480 702 1560 propugnanti
716 1479 882 1542 standum
896 1481 955 1558 sit,
974 1485 1259 1543 consentaneum
1272 1479 1439 1542 ducimus
1510 1507 1511 1566 3

318 1585 539 1666 praecipuas
557 1585 781 1649 conditiones
808 1588 972 1664 innuere,
989 1603 1084 1668 quae
1101 1603 1146 1650 ex
1163 1585 1184 1649 J
1188 1604 1251 1649 ure
1269 1584 1438 1648 Naturali

319 1692 494 1772 gentium,
514 1707 655 1755 necnon
681 1710 726 1754 ex
755 1693 950 1756 recentiori
966 1692 1055 1756 Jure
1079 1691 1358 1756 Internationali
1376 1707 1437 1772 po·
1510 1693 1511 1772 i

318 1798 427 1862 sitivo
453 1798 707 1862 desiderantur
724 1799 909 1862 adveram
934 1805 971 1862 et
999 1799 1199 1881 legitimam
1229 1799 1436 1880 occupatio·

315 1921 397 1968 nem
418 1904 721 1970 constituendam.
1510 1901 1511 1980 l

408 2011 462 2074 Ex
480 2011 568 2075 Jure
585 2011 753 2074 Naturali
779 2013 850 2076 tria
877 2013 1124 2094 requiruntur:
1146 2012 1195 2076 1.⁰
1214 2013 1435 2076 territorium

317 2117 460 2197 nullius,
475 2135 580 2180 secus
598 2119 692 2181 cuim
711 2119 900 2199 occupatio
919 2125 1016 2182 essct
1029 2136 1119 2182 vcra
1136 2125 1173 2182 et
1190 2123 1319 2201 aperta
1337 2135 1434 2181 usur·
1510 2155 1511 2202 ,

320 2224 434 2305 pati03
461 2221 513 2287 2.⁰
543 2225 683 2286 animus
711 2241 786 2288 rem
812 2242 914 2288 suam
942 2225 1112 2306 faciendi,
1133 2225 1295 2308 alioquin
1329 2224 1436 2288 habe·
1510 2229 1511 2304 l

318 2335 420 2394 retur
450 2331 636 2410 transitus,
666 2329 856 2410 habitatio,
883 2331 1080 2394 residentia
1098 2333 1158 2395 vel
1187 2331 1435 2414 quodcumque

319 2437 432 2518 aliud,
451 2455 523 2501 non
553 2443 673 2500 autem
703 2439 893 2519 occupatio
924 2439 1071 2520 proprie
1100 2439 1209 2518 dicta;
1228 2437 1281 2502 3.⁰
1310 2445 1433 2521 captus
1510 2417 1511 2502 l

319 2543 560 2624 possessionis
589 2561 652 2606 seu
681 2544 791 2607 realis
820 2545 1076 2625 apprehensio,
1095 2563 1178 2609 nam
1203 2545 1312 2610 aliter
1340 2553 1434 2608 terra

319 2657 383 2714 aut
399 2653 500 2732 regio
518 2669 590 2715 non
607 2651 710 2715 fieret
727 2654 877 2734 propria
894 2655 1119 2734 occupantis.
1510 2649 1511 2714 l

428 2757 483 2820 Ad
501 2758 522 2821 J
527 2776 566 2820 us
581 2759 869 2822 Internationale
883 2761 1187 2843 positivum'quod
1201 2761 1344 2841 attinet,
1360 2759 1433 2824 Col·

321 2863 410 2926 latio
428 2864 602 2926 Africana
620 2865 864 2929 Berolinensis
896 2884 992 2930 anno
1011 2867 1097 2930 1885
1114 2867 1252 2947 habita,
1271 2867 1319 2931 ad
1337 2884 1432 2949 prae·
1510 2847 1511 2940 l

324 2969 524 3051 pediendas
553 2970 776 3036 adnexiones
804 2973 962 3054 fictitiae,
993 2975 1168 3055 quasdam
1200 2975 1348 3056 regulas
1375 2991 1433 3038 seu

320 3075 548 3140 conditiones
573 3079 711 3158 statuit,
731 3079 859 3160 quibus
884 3080 920 3142 in
949 3085 1134 3161 posterum
1153 3082 1268 3144 omnis
1286 3097 1432 3162 occupa·
1510 3093 1511 3168 3

321 3183 371 3246 tio
401 3183 679 3264 attemperanda
696 3191 804 3264 esset,
823 3189 862 3248 ut
886 3185 987 3265 Justa
1004 3191 1040 3249 et
1057 3187 1221 3268 legitima
1250 3187 1432 3265 evaderet,

324 3290 509 3354 videlicet:
531 3289 580 3354 1.⁰
598 3296 636 3354 ut
652 3292 841 3374 occupatio
859 3294 1004 3357 nomine
1032 3299 1143 3375 atquo
1160 3311 1312 3358 assensu
1332 3293 1432 3357 aliou-

317 3399 377 3478 jus
406 3395 527 3460 Status
545 3397 605 3460 vel
623 3395 797 3461 Gubernii
822 3400 1000 3479 recogniti
1028 3399 1104 3480 flat;
1123 3399 1175 3463 29
1194 3405 1231 3463 ut
1260 3399 1433 3481 possessio

320 3502 368 3565 sit
400 3501 561 3586 effectiva
592 3502 677 3584 (non
709 3521 807 3566 mere
853 3505 1082 3585 symbolica),
1115 3527 1324 3592 permoneas
1355 3505 1434 3588 (non

321 3621 442 3670 autem
462 3609 686 3687 transitoria)
706 3616 741 3672 et
762 3611 925 3694 formalis
942 3614 1029 3690 (non
1052 3618 1194 3675 tanturn
1213 3611 1431 3688 materialis),

320 3715 392 3776 sita
421 3714 458 3777 in
485 3731 527 3777 eo
547 3713 641 3796 quod
670 3715 706 3778 in
733 3717 916 3780 territorio
945 3717 1103 3798 detecto,
1124 3724 1303 3802 occupato
1332 3723 1433 3799 atque
1510 3699 1511 3740 ¹

322 3837 491 3902 possesso
510 3821 752 3884 constituatur
769 3821 917 3904 aliquod
943 3825 1106 3906 regimen
1125 3826 1185 3890 vel
1203 3831 1363 3908 systema
1379 3841 1434 3905 gu·
1510 3803 1511 3872 l

322 3927 552 3990 bernativum
571 3943 652 3989 cum
676 3932 779 3992 recta
795 3927 1110 3994 administratione
1139 3937 1176 3996 et
1203 3933 1353 4014 politica
1380 3947 1432 3994 au·

322 4033 506 4111 ctoritate;
533 4031 585 4094 3.⁰
603 4037 642 4096 ut
655 4033 789 4097 lactum
804 4036 1043 4116 possessionis
1057 4037 1235 4103 Potentiis
1253 4045 1346 4103 Acte
1361 4035 1431 4102 Col·

321 4136 470 4200 lationis
487 4137 732 4203 Berolinensis
750 4140 1025 4222 obsignantibus
1044 4145 1262 4210 notificetur.

1510 4235 1511 4274 l

1510 4289 1511 4332 l

1510 4511 1511 4548 l

414 4241 567 4307 Atracio.
616 4241 695 4308 Hoc
722 4246 867 4312 nomine
896 4247 1121 4331 designatur:
1142 4249 1290 4316 “modus
1322 4265 1419 4332 acqur
1510 4275 1511 4280 ¹
