3028 4992
797 392 977 452 -sls-

344 537 491 618 ulpium,
521 535 617 618 quod
648 536 714 600 sub
744 537 917 618 evulgata
945 535 1238 600 denominatione
1266 535 1475 617 aequilibris·

344 649 484 727 europei
507 643 651 725 passim
680 643 794 724 venit,
826 661 847 706 a
876 641 1116 706 Revolutione
1145 639 1288 706 Gallica
1319 657 1474 722 prorsus

345 748 520 812 violatum
538 748 837 812 restabiliendum
857 753 1030 812 curarunt
1048 745 1271 828 congressus
1292 745 1472 810 Viennen-

344 873 384 920 se
401 873 512 938 supra
537 855 724 919 laudatum
742 863 778 918 et
806 857 954 919 Sacrum
985 855 1127 920 Foedus
1153 853 1276 933 (Scuta
1303 852 1471 928 Aliuaza)

348 963 443 1026 inter
470 961 592 1026 Status
610 961 778 1043 Europae
795 961 1098 1044 septentrionalis
1126 961 1191 1024 sub
1220 959 1329 1024 ductu
1360 959 1471 1022 Auto-

346 1072 472 1132 cratae
500 1067 711 1132 Russiarum
739 1085 835 1132 anno
855 1067 940 1132 1815
970 1069 1097 1132 initum
1127 1069 1173 1130 ad
1199 1065 1470 1148 impediendum

345 1174 501 1238 celerem
532 1176 834 1256 propagationem
861 1179 897 1238 et
913 1175 1133 1256 triumphum
1162 1174 1391 1237 definitivum
1410 1189 1470 1234 no-

346 1297 416 1342 vae
434 1299 477 1344 ac
502 1281 741 1345 subversivae
759 1281 921 1345 theoriae
936 1282 1124 1366 legitimam
1138 1281 1334 1344 dominium
1354 1279 1467 1360 dyna-

346 1385 498 1450 stiarum
518 1387 748 1468 regnantium
765 1389 983 1470 impetentis.

437 1493 489 1556 19.
537 1493 591 1556 48
608 1493 757 1575 Epocha
772 1499 882 1576 (saec.
899 1493 1012 1578 XIX).
1030 1493 1194 1576 Denique
1212 1499 1334 1556 aetate
1349 1491 1468 1555 novis·

346 1599 437 1662 sima
451 1601 580 1679 majori
595 1601 854 1682 perspicuitate
869 1609 905 1664 et
919 1601 1128 1664 solemniori
1141 1599 1283 1664 ratione
1296 1598 1468 1662 deliniun-

347 1713 404 1767 tur
418 1703 597 1784 juridicae
616 1707 822 1788 relationes
837 1724 931 1788 quae
944 1707 1039 1770 inter
1057 1707 1222 1770 nationes
1240 1703 1468 1768 intercedere

346 1810 491 1890 debent;
511 1811 802 1894 quandoquidem
831 1813 866 1876 in
898 1811 1140 1898 Conprersibur
1157 1829 1202 1875 ao
1220 1810 1467 1878 collationibus

347 1917 578 1998 promulgata
609 1925 692 1982 sunt
723 1919 903 2001 principia
938 1919 1095 2000 positiva
1124 1919 1223 1982 Juris
1251 1917 1466 1981 internetio-

346 2023 452 2105 nalis,
472 2041 613 2088 necnon
643 2025 679 2088 in
704 2025 859 2106 publicis
876 2025 1085 2090 Foederibus
1103 2024 1342 2104 consignatae
1368 2023 1467 2086 fuere

345 2129 446 2210 leges
471 2131 696 2194 efficaciores
730 2133 775 2195 ab
795 2131 955 2196 Statibus
973 2131 1151 2214 Europcis
1179 2131 1332 2194 firmiter
1349 2147 1395 2192 ac
1410 2145 1466 2210 ge·
1510 2215 1511 2224 ἦ

346 2237 521 2300 neraliter
537 2237 754 2300 servandae.
1510 2239 1511 2324 l

434 2341 661 2406 Decurrente
686 2343 755 2408 hac
785 2351 969 2424 postrema
994 2347 1031 2407 et
1048 2343 1299 2407 recentissima
1312 2341 1461 2423 epocha,

294 2445 298 2452 '
347 2447 589 2512 acclamatum
620 2455 658 2511 ut
688 2449 878 2530 plurimum
909 2457 1017 2532 atque
1042 2452 1079 2514 in
1109 2451 1251 2532 praxim
1280 2450 1464 2514 reductum

347 2555 562 2635 principium
581 2556 874 2636 rationalitatum,
893 2555 1025 2638 dequo
1054 2563 1183 2638 postea
1207 2557 1410 2639 loquemur,
1430 2553 1463 2616 in

347 2677 389 2722 co
420 2661 525 2722 situm
555 2659 651 2742 quod
675 2663 966 2742 patrocinatores
996 2663 1101 2743 nujus
1129 2663 1294 2728 theoriae
1322 2667 1463 2726 conten-

347 2764 436 2827 dant
454 2765 616 2829 homines
635 2767 795 2846 ejusdem
821 2769 958 2849 stirpis,
978 2770 1171 2849 idiomatis,
1187 2787 1316 2832 usuum
1335 2775 1371 2832 et
1388 2765 1462 2830 reli·

347 2871 463 2951 gionis
483 2871 517 2933 in
537 2889 644 2935 unum
664 2873 802 2936 Statum
821 2877 1019 2940 convenire
1037 2883 1218 2957 oportere.

436 2976 651 3040 Novissimis
670 2980 893 3060 temporibus
922 2989 1123 3045 memoratu
1148 2981 1258 3063 digua
1276 2985 1463 3044 censentur
1509 2973 1510 3060 j

348 3083 383 3144 in
413 3081 539 3146 ordine
557 3084 831 3148 internetionali
849 3088 1039 3167 sequentia
1056 3087 1329 3168 praestantiora
1356 3088 1461 3151 iacta:
1509 3159 1510 3188 1

347 3187 573 3268 perturbatio
590 3193 626 3251 et
641 3189 922 3271 independentia
938 3189 1117 3256 Graeciae
1132 3194 1392 3256 interventioni
1408 3207 1458 3253 eu·
1509 3189 1510 3271 l

346 3310 481 3374 ropeaa
500 3293 634 3376 debita;
655 3295 789 3360 bellum
820 3295 979 3362 Orientis
1003 3299 1207 3364 absolutum
1226 3299 1461 3364 conventione

346 3399 541 3463 Parisiensi
566 3402 652 3464 anni
678 3403 776 3483 1856,
796 3403 832 3466 in
851 3421 922 3486 qua
939 3406 1081 3468 sancita
1098 3413 1182 3470 sunt
1210 3423 1310 3470 nova
1340 3402 1461 3488 princi·

347 3504 407 3585 piu
432 3506 524 3585 juris
557 3507 740 3582 maritimi;
760 3510 878 3573 unitas
905 3509 1076 3590 italiana,
1095 3530 1190 3594 quae
1214 3512 1351 3576 bellum
1375 3512 1461 3575 inter

345 3609 559 3692 Sardiniam,
578 3611 769 3678 Franciam
790 3625 827 3678 et
843 3617 1028 3680 Austriam
1044 3623 1213 3682 exortum
1246 3619 1461 3701 subsequuta

346 3725 413 3796 est,
442 3718 562 3797 pactio
591 3718 879 3801 Tigurina1859‚
908 3729 944 3785 et
976 3723 1140 3788 violenta
1157 3724 1294 3788 Rornae
1316 3739 1457 3805 occupa·

346 3822 396 3885 tio
414 3839 508 3886 anno
528 3823 614 3886 1870
630 3835 892 3908 consummata
909 3828 1072 3892 fundatio
1086 3827 1458 3911 ImperiiGermanici,
1508 3865 1509 3896 r

345 3929 495 4010 eJusque
511 3932 766 4011 praepotentia
782 3933 819 3996 in
833 3935 990 4015 negotiis
1024 3937 1373 4002 internationulibus
1402 3935 1458 4000 Eu·

345 4049 458 4113 ropae
489 4033 590 4098 velut
617 4040 862 4102 necessarium
891 4043 1163 4106 consectarium
1196 4043 1284 4108 belli
1312 4043 1456 4108 Franco·

345 4137 509 4202 Prusiani
523 4145 559 4204 et
571 4141 743 4207 Foederis
756 4143 1095 4212 Francoiordiensis
1113 4151 1200 4213 anni
1235 4150 1337 4230 1871;
1367 4163 1458 4214 reno·

348 4243 448 4306 vatio
466 4245 727 4312 celeberrimae
744 4252 967 4332 quaestionis
980 4250 1141 4320 Orientis
1158 4258 1355 4322 occasione
1382 4251 1457 4320 belli
