3028 4992
807 407 839 418 -
863 373 926 432 3182
944 405 981 418 -

333 518 491 584 societas
504 517 703 582 domestica
720 518 973 597 constituatur,
992 521 1028 580 et
1045 514 1091 579 ad
1108 515 1266 580 familias
1282 515 1456 594 invicem,

335 625 425 689 utin
445 625 656 690 societatem
674 625 820 689 civilem
837 624 1103 690 efformandam
1137 623 1374 703 conveniant,
1396 639 1458 686 ve·
1497 649 1498 684 r

334 749 414 796 rum
442 731 614 796 etiamad
642 739 769 813 gentes
799 731 978 796 communi
996 731 1142 795 vinculo
1175 729 1456 808 consociandam

335 837 429 901 unde
447 838 575 902 ultima
591 837 739 902 humani
756 837 901 920 generis
919 837 1094 919 perfectio
1113 836 1181 900 hoc
1200 836 1387 918 postulare
1407 835 1457 899 vi·
1498 862 1499 938 q

334 943 452 1020 detur,
468 949 506 1008 ut
519 943 821 1026 quemadmodum
835 944 998 1008 homines
1015 944 1221 1025 singulares
1235 943 1384 1006 vinculo
1402 959 1457 1004 so·
1498 945 1499 1010 f

335 1051 480 1114 sistatis
499 1051 734 1130 domesticae,
765 1058 801 1113 et
829 1052 1025 1116 societates
1053 1050 1276 1114 domesticae
1307 1048 1455 1112 vinculo

335 1157 522 1221 societatis
540 1157 659 1221 civilis
676 1157 909 1238 colligantur;
928 1159 981 1221 sic
998 1157 1115 1222 denuo
1143 1157 1339 1220 societates
1355 1156 1457 1236 ipsae

336 1264 464 1328 civiles
482 1263 611 1328 altiore
630 1263 786 1346 quadam
815 1265 1005 1344 iunctione
1036 1263 1193 1328 invicem
1226 1261 1453 1343 copulentur,
1499 1270 1500 1320 l

337 1387 382 1434 ac
397 1369 533 1433 diversi
550 1370 695 1452 generis
709 1370 921 1434 societatem
935 1369 1107 1448 alliciant,
1123 1385 1218 1449 qnae
1231 1367 1456 1449 singularum

332 1477 418 1556 jura
436 1481 586 1556 tutetur,
605 1485 641 1538 et
659 1483 780 1540 mutuo
798 1493 977 1540 consensu
994 1476 1125 1540 virium
1139 1475 1185 1538 ad
1199 1475 1333 1537 honum
1347 1473 1454 1536 omni·

339 1583 405 1645 bus
424 1599 612 1646 commune
630 1582 751 1646 ducat:
770 1581 821 1644 3.⁰
838 1583 1039 1666 iadipeatiia
1071 1582 1264 1658 nationum·
1281 1597 1365 1642 nam
1398 1595 1454 1642 ne·

336 1690 567 1752 cessitatihus
582 1697 655 1752 tum
674 1687 834 1770 physicis
853 1697 926 1752 tum
945 1687 1143 1752 moralibus
1160 1691 1319 1752 statuum
1352 1687 1455 1767 pleno
1500 1687 1501 1698 ’

338 1795 593 1876 cumulateque
611 1794 798 1876 provideri
815 1795 951 1877 nequit,
981 1795 1051 1858 nisi
1084 1794 1154 1858 hac
1187 1793 1387 1858 universali
1404 1810 1455 1856 so·

336 1901 470 1964 cietate
486 1901 701 1982 populorum
736 1903 943 1982 constituta,
975 1900 1153 1983 siquidem
1186 1901 1339 1982 quaevis
1369 1915 1455 1981 gens

338 2008 483 2072 nonnisi
500 2008 655 2072 aliarum
671 2009 831 2089 gentium
863 2025 976 2090 opera
1002 2009 1080 2072 fere
1098 2007 1316 2089 completur,
1349 2017 1453 2088 atque

337 2121 515 2196 perpetuo
557 2121 786 2180 caeterorum
828 2115 1042 2196 populorum
1070 2115 1262 2196 juvamine
1291 2119 1452 2194 augetur3
1501 2091 1502 2160 ἶ

337 2221 503 2303 quamvis
521 2222 616 2284 enim
630 2222 795 2284 nationes
813 2223 1112 2286 commerciorum
1140 2239 1206 2286 usu
1222 2227 1260 2284 et
1272 2220 1453 2284 foederum

337 2331 534 2392 sanctitate
552 2339 674 2393 mutua
692 2329 759 2391 sibi
790 2333 978 2409 praestent
995 2329 1193 2410 pracsidia3
1215 2327 1307 2392 haec
1337 2333 1454 2390 tamen

337 2435 504 2498 nutantia
534 2443 630 2506 sunt.
664 2435 788 2516 litigiis
812 2435 969 2498 obnoxia
998 2439 1035 2498 et
1064 2434 1312 2516 periculorum
1336 2433 1451 2515 plena,

338 2541 453 2605 donec
470 2542 574 2605 firma
597 2547 633 2605 et
656 2559 786 2606 secura
812 2539 1011 2604 reddantur
1039 2541 1243 2606 stabilitate
1272 2541 1390 2621 legum
1419 2545 1453 2600 ct
1502 2531 1503 2562 ³

338 2655 462 2714 certae
479 2649 665 2730 cujusdam
683 2649 911 2713 auctoritatis
931 2647 1052 2728 ductu,
1072 2665 1167 2730 quae
1193 2648 1389 2711 relationes
1404 2645 1450 2708 in·

339 2755 604 2819 ternationales
620 2754 839 2834 moderetur,
855 2772 898 2818 ac
911 2755 1044 2818 bonum
1057 2754 1246 2835 politicum
1260 2754 1451 2834 cujuscum-

337 2877 407 2940 que
420 2861 538 2940 gentis
556 2879 635 2924 cum
650 2862 743 2924 bono
759 2861 868 2924 totius
885 2861 1031 2924 humani
1045 2861 1193 2942 generis
1211 2860 1391 2939 conciliet,
1418 2861 1452 2920 ut

337 2967 389 3029 ita
404 2983 449 3028 ex
467 2967 597 3031 mutuis
614 2967 752 3030 viribus
769 2968 993 3048 singularum
1011 2968 1173 3048 gentium
1205 2972 1378 3047 exsurgat
1395 2965 1451 3028 mi·

337 3091 398 3136 rus
413 3072 558 3154 quidam
572 3079 768 3136 concentus
782 3079 819 3136 et
832 3073 1000 3138 ordinata
1014 3075 1180 3156 operatio
1197 3075 1389 3139 universae
1401 3089 1451 3134 so·

337 3180 481 3243 cietatis
498 3178 677 3242 humanae
694 3179 862 3242 adfinem
880 3179 1147 3262 assequendum
1164 3199 1230 3263 por
1263 3181 1377 3263 ipsam
1392 3195 1448 3242 na·

337 3297 455 3351 turam
475 3290 743 3368 praestitutum.

428 3391 503 3454 187.
553 3389 641 3455 Cum
658 3391 822 3472 quaestio
842 3391 1004 3476 juridica
1030 3391 1075 3456 de
1099 3392 1279 3458 societate
1303 3393 1449 3458 interna·

337 3498 465 3561 tionali
482 3498 644 3561 intimam
662 3497 925 3561 connexionem
954 3515 1035 3562 cum
1060 3499 1277 3581 quaestione
1294 3499 1450 3565 historico

337 3604 484 3684 habeat,
515 3605 650 3686 quippe
677 3611 788 3668 statua
809 3605 984 3687 juridicus
1009 3605 1293 3670 consociationis
1318 3607 1450 3670 univor-

338 3709 425 3772 salis
441 3711 601 3790 gentium
619 3727 641 3772 a
658 3711 755 3773 iacto
774 3711 931 3791 positivo
957 3717 1054 3774 totus
1083 3711 1232 3793 pendet,
1252 3729 1393 3794 nempe,
1411 3707 1450 3772 ab

338 3815 534 3879 existentia
551 3815 642 3878 reali
659 3821 695 3878 et
711 3814 899 3880 definitiva
917 3817 1178 3882 constitutione
1203 3819 1389 3884 societatis
1404 3817 1449 3880 in·

337 3921 603 4002 ternationalis,
621 3939 715 4004 quae
728 3921 894 4002 equidem
908 3921 1067 3988 nondum
1081 3925 1218 3989 effecta
1235 3932 1304 4006 est,
1318 3925 1399 3990 hinc
1410 3919 1451 3985 ad

338 4027 803 4107 praefiniendamnaturam
815 4027 1009 4108 jnridicam
1037 4031 1227 4096 societatis
1256 4029 1449 4096 ethnarchi·

338 4147 405 4194 cae
418 4131 524 4212 Juxta
540 4142 703 4199 nostrum
719 4135 947 4217 concipiendi
965 4137 1111 4203 modum
1128 4140 1322 4222 sequentia
1339 4137 1450 4204 viden·

338 4242 398 4299 tur
420 4239 613 4304 statuenda
638 4258 704 4322 pro
721 4242 858 4322 triplici
884 4241 1079 4325 hypothesi
1096 4263 1191 4328 quae
1207 4245 1296 4330 fingi
1318 4253 1445 4328 posset,

338 4341 519 4426 nimirum,
533 4345 700 4428 absoluta,
713 4347 839 4411 morali
857 4351 893 4410 et
908 4347 1071 4414 relativo.
