3028 4992
568 381 685 440 -329
711 414 747 426 —

15 531 16 580 l
106 539 178 587 sum
205 523 377 588 influxum
395 525 664 590 neotericorum
681 524 913 608 scriptorum,
933 524 995 607 qui
1012 523 1034 589 J
1038 541 1077 589 us
1101 524 1221 588 Publi·

15 621 16 624 ’
104 647 179 696 cum
196 633 336 698 mediae
353 633 486 698 aetatIs
503 634 709 698 nescientes
726 633 787 698 vel
803 634 897 698 falso
915 639 951 696 et
968 632 1093 696 dolose
1110 633 1221 697 inter-

15 733 17 790 Ὺ
103 745 284 820 protentos
314 741 609 822 superioritatem
639 740 847 823 Principum
877 757 988 821 supra
1015 738 1217 805 Ecclesiam

104 847 285 912 vindicare
313 849 392 912 ausi
409 853 504 930 sunt,
523 849 662 912 iactum
690 852 758 930 est,
779 853 817 912 ut
833 851 961 930 optata
977 847 1072 911 inter
1089 845 1215 912 Sacer-

105 953 231 1018 dotium
248 961 286 1018 et
302 953 498 1036 Imperium
523 954 719 1019 concordias
737 971 886 1036 prorsus
914 953 1080 1035 disrupta
1096 951 1154 1032 sit,
1175 971 1219 1017 ae

105 1061 248 1140 proinde
273 1062 418 1126 omnino
436 1062 584 1126 desierit
602 1061 722 1126 unitas
740 1061 891 1144 politica
919 1059 1217 1142 Christianitatis,

106 1166 198 1247 cujus
216 1169 360 1231 unicum
379 1169 564 1233 vinculum
580 1170 686 1233 situm
705 1175 787 1232 erat
802 1169 839 1234 in
857 1169 997 1234 unitate
1022 1168 1217 1250 catholica,

106 1271 168 1337 hcc
182 1281 247 1354 est,
270 1275 307 1338 in
331 1275 508 1356 religione
524 1275 724 1340 christiana
752 1276 894 1340 cunctis
913 1275 1054 1358 populis
1072 1293 1116 1340 ac
1132 1293 1217 1358 gen-

108 1379 192 1444 tibus
209 1383 403 1446 communi.

185 1485 262 1550 Hac
287 1505 397 1569 super
414 1506 453 1552 re
471 1488 707 1570 adimpletum
736 1492 791 1551 est
809 1487 904 1570 quod
918 1488 995 1569 jam
1023 1506 1045 1550 a
1068 1488 1218 1552 saeculo

108 1591 152 1656 XI
166 1593 201 1656 in
223 1593 389 1676 Epistola
407 1595 453 1659 ad
469 1595 684 1660 Paschalem
713 1594 748 1658 II
776 1594 1059 1677 praenuntiabat
1075 1594 1216 1658 notissi-

109 1717 176 1764 mus
201 1701 267 1766 Ivo
297 1701 509 1783 praeclarus
528 1701 728 1784 Episcopus
759 1699 1007 1781 OarnutensIs,
1027 1701 1128 1783 cujus
1158 1720 1217 1765 au·

109 1823 196 1872 ream
213 1808 432 1872 senteutiam
450 1807 627 1890 Egregius
656 1808 824 1872 Pontifex
853 1807 927 1873 Leo
944 1807 1045 1888 XIII,
1065 1808 1217 1891 speciali

110 1910 168 1977 Dei
194 1914 425 1996 providentia
453 1916 646 1980 hodIedum
671 1914 860 1979 Ecclesiae
888 1915 1137 1996 gubernacula
1167 1922 1217 1979 te·

109 2035 198 2103 nens,
216 2022 252 2085 ln
281 2021 360 2103 eJus
388 2017 677 2086 celebratissima
705 2019 903 2103 Encyclica
931 2021 1130 2086 immortale
1149 2022 1218 2086 Dei

110 2134 279 2209 tamquam
308 2129 426 2210 legem
454 2135 668 2210 perpetuam
685 2127 860 2192 historiae
888 2145 976 2209 prae
995 2127 1109 2191 oculis
1127 2143 1217 2191 sem-

110 2247 165 2310 per
180 2233 383 2299 habendam
401 2235 564 2300 inscruit:
587 2233 668 2302 Oum
681 2255 821 2319 repaum
838 2241 871 2299 at
883 2235 1113 2300 sacerdotium
1126 2235 1217 2298 iater

109 2361 138 2403 aa
162 2343 372 2424 conveniunt,
396 2345 476 2408 benc
504 2345 636 2429 rapitur
665 2345 821 2424 mundus,
844 2343 943 2428 floret
971 2349 1002 2406 et
1026 2342 1218 2429 fructificat

109 2443 264 2514 Ecclesia.
280 2447 362 2516 cam
378 2470 458 2515 vero
475 2451 566 2515 iuter
582 2471 616 2514 ae
634 2449 845 2530 discordant,
860 2470 927 2514 aon
941 2456 1073 2513 tantum
1082 2468 1217 2532 parvae

108 2571 156 2616 rsa
171 2577 236 2620 aon
252 2563 419 2638 crescunt,
436 2555 497 2622 sed
514 2557 618 2622 etiam
635 2576 778 2641 mapaae
794 2576 850 2620 res
867 2555 1111 2620 oaiaarabiliter
1129 2555 1216 2619 dila·

108 2658 256 2747 cunum„
271 2662 331 2746 (1).

110 2833 281 2847 -ᾕ--ι

170 2966 205 3030 u)
239 2964 557 3034 apracoxxxvrn.
