3038 4994
549 381 728 440 -297-

161 521 238 586 25³²
267 511 418 588 factum.
474 523 580 588 Anno
613 523 699 588 1156
730 523 919 606 Hibernia,
949 543 1038 608 gens
1070 528 1196 610 utique

16 657 18 712 1
84 629 303 718 nobilissima
329 635 367 694 et
382 629 593 695 fidelissima
616 631 714 696 omni
730 649 987 698 aerumnarum
1011 651 1147 716 genere
1178 651 1201 698 a

16 723 17 748 ³
84 736 223 800 sacculo
252 735 323 800 XII
351 754 540 819 oppressa,
567 739 734 820 quamvis
761 739 829 802 sub
859 741 1036 822 regimine
1064 741 1200 805 Princi-

16 895 17 908 ,
85 858 173 923 pum,
189 860 263 906 non
280 841 478 906 infidelium
495 847 534 906 ut
550 842 734 925 Saraceni,
748 861 867 926 noque
883 845 1200 910 schismaticorum

85 949 179 1012 velut
196 946 343 1030 Graeci,
360 949 426 1014 sed
453 949 715 1014 catholicorum
739 955 777 1014 et
799 951 1039 1016 nationalium
1065 953 1198 1034 posita,

86 1071 142 1135 per
158 1055 360 1120 Adrianum
377 1056 427 1120 IV
444 1055 654 1121 Pontificem
671 1056 868 1121 Maximum
885 1057 1044 1122 Henrico
1062 1057 1097 1122 11
1123 1059 1202 1141 regi

86 1161 233 1244 Angliae
248 1163 383 1245 largita
400 1168 467 1245 est,
497 1164 557 1246 qui
585 1164 694 1246 paulo
719 1171 802 1245 post
829 1167 938 1245 (anno
959 1165 1058 1244 llil)
1077 1183 1121 1230 ea
1139 1183 1200 1248 po·

87 1268 164 1332 titus
182 1270 261 1350 fuit,
280 1286 454 1352 suamque
471 1269 752 1334 dominationem
769 1271 806 1333 in
824 1271 888 1334 hos
903 1271 1070 1336 infelices
1088 1290 1200 1354 popu,

16 1439 17 1442 ,
86 1375 133 1438 los
149 1376 327 1456 exercuit,
345 1393 439 1458 quae
456 1376 574 1440 adhuc
591 1377 768 1459 perdurat
785 1377 845 1458 (1).

16 1549 17 1556 ,
166 1484 240 1547 35²²*
254 1484 405 1548 factum.
452 1484 559 1567 Apud
575 1487 675 1549 viros
700 1486 808 1549 rebus
837 1485 1005 1548 civilibus
1023 1501 1067 1547 ac
1085 1484 1202 1546 eccle·

16 1665 17 1668 ¹
87 1590 235 1654 siasticis
267 1591 428 1655 eruditos
459 1597 683 1674 compertum
710 1595 764 1656 est
794 1591 976 1655 Romanos
1008 1589 1203 1654 Pontifices

16 1783 17 1788 ἵ
89 1715 349 1780 nonnumquam
373 1684 503 1762 'solitos
532 1716 612 1763 esse
640 1699 879 1780 principatus,
909 1697 1074 1778 ducatus,
1094 1697 1202 1760 alias·

16 1837 17 1870 ;
90 1821 152 1885 que
174 1805 330 1868 ditiones
354 1805 518 1869 feudales
546 1806 583 1869 in
611 1809 729 1869 status
757 1821 946 1887 supremos
965 1808 1002 1867 et
1030 1805 1203 1886 indepen-

16 1925 17 1998 f
90 1911 206 1974 dentes
222 1912 378 1992 erigere,
398 1913 450 1976 uti
467 1911 591 1976 Sicilia
607 1913 673 1975 sub
691 1911 846 1993 Rogerio
863 1911 910 1974 ab
928 1911 1142 1974 Innocentio
1168 1911 1204 1975 II

92 2021 155 2095 (an.
189 2017 421 2102 1139)titu10
452 2019 554 2100 regio
586 2018 771 2100 insignita,
802 2024 1046 2099 caeteraeque
1076 2025 1204 2098 gentes

92 2141 191 2204 supra
222 2131 458 2204 memoratae,
489 2124 721 2206 Hungarioae
750 2125 931 2205 nimirum,
964 2121 1202 2203 Oroacianae,

93 2227 275 2294 Polonicae
301 2249 344 2294 ec
367 2230 577 2311 Lusitanae,
597 2249 749 2313 quarum
768 2231 957 2312 Principes
986 2230 1133 2293 saeculo
1151 2229 1205 2292 XI

92 2337 146 2399 vel
159 2337 223 2400 XlI
238 2355 306 2419 per
320 2337 570 2419 Apostolioam
587 2335 714 2401 Sedem
729 2337 871 2418 juribus
885 2342 994 2419 atque
1007 2336 1205 2399 honoribus

94 2443 205 2524 regiae
222 2445 426 2526 majestatis
444 2444 608 2508 decorati
625 2448 708 2507 sunt
728 2444 789 2524 (2).

172 2551 246 2615 175.
296 2549 422 2631 Quoad
439 2551 606 2632 regiones
631 2571 749 2630 novae,
768 2551 839 2613 tria
857 2549 966 2613 etiam
984 2549 1083 2612 facta
1096 2548 1205 2612 notis·

95 2657 173 2722 sima
194 2660 231 2724 in
255 2660 466 2723 memoriam
484 2675 661 2722 revocare
694 2658 797 2721 nobis
826 2657 960 2739 placet,
981 2673 1206 2722 cumeorum
1226 2643 1229 2650 ’

97 2763 335 2848 interpretatio
353 2772 390 2830 et
406 2769 508 2830 recta
535 2764 715 2846 expositio
734 2770 788 2828 tot
803 2764 1067 2828 controversiis
1096 2769 1207 2846 atque

98 2868 362 2937 dissentionibus
381 2889 508 2936 ansam
523 2871 676 2935 dederit.

174 2980 242 3042 1³⁸¹
258 2980 407 3043 factum.
447 2977 615 3043 Clemens
643 2977 692 3041 VI
722 2976 835 3058 (1342)
868 2976 1054 3040 Ludovico
1084 2976 1208 3040 comiti

98 3081 371 3165 claremontano,
401 3084 525 3165 nepoti
552 3083 730 3164 Alphonsi
758 3082 793 3146 X
823 3080 1006 3146 Castaliae
1019 3083 1130 3163 regis,
1145 3083 1207 3160 jus

100 3191 263 3254 concessit
279 3190 416 3254 insulas
434 3188 611 3255 Canariae
629 3189 845 3270 occupandi,
865 3188 961 3271 quod
989 3187 1132 3270 quidem
1147 3187 1207 3267 jus

99 3297 229 3360 saeculo
247 3299 413 3379 sequenti
430 3296 539 3380 (anno
558 3295 657 3372 1436)
675 3295 858 3376 Eugenius
877 3294 927 3358 IV
943 3294 1111 3358 Eduardo
1129 3292 1209 3374 regi

100 3397 331 3485 Portugalliae
347 3403 656 3483 iterumcontulit,
691 3402 760 3466 etsi
784 3402 861 3465 Rex
893 3399 1074 3465 Castellae
1107 3405 1207 3462 ante·

101 3506 173 3572 riori
200 3510 437 3574 concessione
465 3509 589 3574 comiti
619 3508 806 3572 Ludovico
836 3508 936 3570 facta
967 3507 1114 3570 fulcitus
1147 3504 1206 3568 ad»

101 3626 212 3679 versus
230 3617 299 3680 hoc
316 3633 450 3680 novum
470 3615 702 3696 privilegium
720 3613 937 3677 reclamavit
951 3613 1010 3697 (3).

175 3723 411 3787 amsa-otum.
437 3721 544 3785 Anno
579 3720 665 3784 1454
697 3721 862 3785 Summus
901 3720 1070 3786 Pontifex
1102 3719 1209 3785 Nico·

120 3893 269 3906 m-*..

160 4055 195 4120 (l)
228 4057 292 4110 Vid.
306 4057 400 4110 eumd.
414 4055 483 4110 libb.
497 4054 529 4108 67
544 4057 573 4107 et
587 4055 630 4107 18.

121 4190 125 4200 ,
163 4131 197 4190 12)
230 4129 313 4182 Gens.
329 4123 695 4182 Walter-ManualeJuria
709 4122 911 4191 Canonicivol.
924 4123 1120 4188 1131111111
1134 4125 1211 4176 alias

105 4197 305 4253 citatum-Lib.
319 4204 362 4263 62,
375 4201 392 4268 §
405 4203 447 4252 41.

167 4271 202 4337 (a)
237 4271 390 4336 Becchetti,
403 4270 472 4324 libb.
486 4269 556 4324 VIII
569 4273 599 4322 et
610 4268 663 4322 IX.
