3096 4986
313 529 381 608 est,
396 529 581 611 tamquam
594 531 826 590 monumenta
840 523 1068 608 antiquitatis
1080 541 1175 608 quae
1184 523 1244 603 jus
1258 522 1436 588 ecclesta-

312 633 441 698 sticum
466 631 661 698 ostendunt
677 649 722 696 ac
745 631 997 712 corroborant,
1012 635 1051 695 et
1075 635 1226 696 eatenus
1258 629 1436 694 firmitate
1533 621 1534 678 f

314 744 422 822 atque
437 741 566 824 vigore
580 738 729 822 pollent,
747 745 926 820 quatenus
956 737 1002 800 ab
1020 735 1185 800 Ecclesia
1201 737 1336 801 luerint
1368 753 1436 818 ap·
1533 755 1534 822 ,

314 847 480 929 probata,
499 846 550 910 uti
567 845 750 928 colligitur
769 863 814 910 ex
832 861 915 927 cap.
936 843 1013 909 Nos
1030 855 1301 908 transcurras
1331 842 1373 906 10
1390 841 1436 907 de
1533 873 1534 924 3

319 951 633 1018 Constitutioar'bae.

401 1057 528 1138 Quoad
544 1059 740 1140 secandam,
759 1058 933 1140 obligatio
952 1073 1046 1140 qaae
1076 1055 1246 1120 membris
1274 1054 1436 1138 duplicis

313 1165 499 1228 societatis
512 1165 608 1229 inest
629 1165 801 1229 servandi
820 1165 1086 1246 legislationem
1112 1162 1299 1243 utriusque
1326 1161 1436 1226 adso·
1533 1151 1534 1232 ᾗ

313 1269 491 1353 clationis,
510 1289 581 1336 nou
598 1276 766 1336 exstante
784 1272 968 1352 conflictu,
990 1271 1036 1334 ad
1066 1287 1242 1334 summum
1261 1269 1437 1351 probabit
1533 1269 1534 1316 ὲ

313 1377 875 1442 ecclesiasticamimmunitatem
893 1395 966 1441 uon
1000 1393 1080 1441 esse
1105 1377 1313 1440 immediate
1337 1375 1437 1457 jnris
1533 1419 1534 1430 2

314 1483 426 1547 divini
439 1485 475 1548 in
491 1484 535 1548 iis
553 1501 647 1567 quae
664 1485 792 1548 ciliciis
807 1484 989 1548 clericalis
1007 1483 1199 1548 ministerii
1216 1500 1288 1547 non
1303 1481 1436 1546 adver·
1533 1501 1534 1568 J

313 1599 451 1670 santur;
466 1589 529 1654 sed
555 1591 699 1655 minime
716 1592 853 1656 evincit
871 1609 952 1654 eam
969 1589 1015 1653 ad
1032 1594 1250 1672 potestatem
1269 1589 1436 1653 saecula·
1533 1653 1534 1656 ,

313 1711 389 1758 rem
417 1695 477 1759 vel
495 1695 542 1759 ad
555 1696 614 1777 Jus
631 1696 741 1762 civile
757 1697 808 1760 ita
826 1697 994 1776 attinere,
1016 1701 1054 1760 ut
1070 1695 1242 1760 constitui
1274 1700 1438 1777 nequeat

313 1800 394 1882 lege
409 1801 567 1884 positiva
594 1803 781 1866 societatis
813 1803 1011 1885 superioris
1037 1803 1214 1866 facultate
1243 1800 1437 1882 praeditae
1533 1787 1534 1860 3

314 1924 358 1970 ea
374 1908 493 1972 omnia
510 1909 704 1992 statuendi,
720 1927 826 1992 quae,
846 1910 932 1972 licet
944 1927 1016 1972 non
1029 1910 1191 1989 rigorose
1209 1907 1435 1987 necessaria,
1533 1911 1534 2000 l

313 2014 444 2078 saltem
462 2015 564 2078 utilia
582 2015 835 2080 existimantur
853 2017 1000 2097 proprio
1026 2013 1087 2078 flul
1101 2013 1340 2096 assequendo.

403 2119 530 2201 Quoad
561 2123 710 2203 tertiam,
742 2123 856 2186 verba
889 2139 934 2185 ex
967 2121 1169 2204 Evangelio
1202 2121 1238 2184 S.
1258 2121 1437 2185 Matthaei
1533 2139 1534 2206 r

313 2234 458 2310 sumpta
475 2229 653 2310 totiesque
681 2229 1032 2310 repetita-Reddite
1050 2247 1129 2312 erpo
1153 2248 1240 2310 qaae
1255 2235 1335 2292 aaut
1354 2225 1437 2294 an-
1533 2237 1534 2310 ζ

312 2337 414 2413 naria,
431 2335 573 2402 Caesari
586 2344 617 2402 et
634 2357 719 2420 qaae
745 2345 824 2400 artat
850 2337 928 2416 Dei,
956 2337 1219 2401 Deo--tautum
1239 2335 1371 2398 docent
1389 2351 1438 2399 ex
1533 2323 1534 2398 l

314 2441 446 2508 Christi
464 2449 661 2526 praecepto
694 2443 730 2507 in
758 2443 884 2506 ordine
912 2460 1011 2506 mere
1041 2441 1233 2524 temporali
1258 2448 1295 2505 ct
1327 2443 1437 2506 rebus

314 2551 471 2632 politicis
497 2550 649 2614 Summis
678 2549 946 2632 Imperantibus
979 2567 1059 2614 esse
1088 2549 1316 2613 tribuendum
1334 2549 1437 2630 quid·
1533 2537 1534 2622 ἶ

315 2656 399 2738 quid
412 2657 505 2737 juris
523 2657 610 2738 ipsis
640 2659 824 2738 competit;
851 2657 914 2720 sed
946 2655 1053 2720 simul
1088 2656 1236 2720 tradunt
1253 2655 1289 2718 iu
1308 2655 1438 2718 ordine
1533 2659 1534 2680 ²

314 2762 493 2842 spirituali
507 2767 617 2844 atque
631 2763 667 2825 iu
684 2764 828 2844 negotio
847 2763 1033 2844 religionis
1052 2763 1189 2826 nullam
1208 2762 1438 2843 Principibus

315 2867 482 2931 civilibus
496 2875 713 2950 potestatem
725 2869 1239 2952 essedeierendam(qacesaat
1253 2869 1438 2950 Dei,Deo),
1533 2917 1534 2940 ,

314 2989 360 3038 ex
378 2991 447 3056 quo
460 2975 545 3038 licet
562 2975 697 3038 inferre
714 2983 841 3038 contra
860 2976 1115 3056 regalistarum
1133 2975 1306 3056 placitum
1325 2972 1438 3038 Cleri·

315 3098 388 3162 coe,
403 3081 484 3144 loca
498 3099 604 3145 sacra
620 3089 656 3145 et
673 3099 731 3144 res
749 3081 947 3162 Ecclesiae,
967 3099 1046 3144 cum
1064 3081 1136 3144 sint
1153 3080 1234 3160 Dei,
1254 3081 1339 3162 quie
1357 3097 1438 3162 spe·

314 3188 456 3252 cialiter
473 3187 550 3251 Deo
568 3189 745 3267 serviunt,
765 3190 800 3252 in
819 3188 1031 3269 quibusdam
1057 3187 1244 3250 habendas
1262 3205 1343 3250 esse
1354 3189 1439 3268 jure
1533 3167 1534 3224 ἶ

315 3295 437 3359 divino
463 3299 664 3376 exemptae,
700 3293 737 3357 in
771 3295 919 3376 reliquis
944 3295 1025 3376 lege
1058 3295 1309 3358 ecclesiastica
1326 3295 1440 3358 eximi
1533 3289 1534 3346 ἶ

315 3419 433 3484 posse,
450 3409 488 3466 ut
505 3403 648 3466 facilius
666 3399 742 3465 Deo
758 3401 973 3481 inservient;
994 3401 1087 3465 unde
1106 3407 1206 3466 recte
1219 3403 1359 3466 eruitur
1375 3403 1438 3466 tri·
1533 3423 1534 3426 ¹

315 3509 446 3590 plicem
481 3509 744 3572 immunitatem
768 3509 998 3592 personalem,
1023 3511 1151 3573 reatem
1176 3527 1219 3572 ac
1243 3509 1387 3574 localem
1418 3527 1440 3571 a

311 3615 393 3694 jure
412 3613 547 3694 divino,
581 3615 641 3677 vel
670 3633 691 3677 a
716 3614 798 3694 jure
828 3615 1090 3694 ecclesiastico,
1120 3615 1182 3679 vel
1206 3615 1252 3679 ab
1284 3622 1440 3696 utroque
1533 3641 1534 3700 3

315 3723 420 3786 simul
436 3739 516 3785 esse
534 3721 782 3802 repetendam,
799 3731 836 3784 at
850 3740 1032 3804 nunquam
1047 3729 1164 3786 ortum
1179 3721 1312 3786 ducere
1330 3737 1440 3802 posse
1533 3725 1534 3790 3

315 3847 360 3893 ex
381 3830 463 3910 jure
481 3828 582 3892 civili
599 3828 660 3892 vel
677 3845 722 3891 ex
740 3829 930 3892 voluntate
954 3827 1174 3910 Principum,
1190 3829 1242 3892 ite
1259 3835 1297 3891 ut
1316 3828 1362 3892 ab
1379 3828 1439 3892 iis·
1533 3849 1534 3896 t

316 3935 395 3998 dem
425 3935 561 3998 auferri
586 3935 711 4015 possit,
747 3935 881 4015 quippe
907 3941 1073 3998 versatur
1103 3935 1203 3998 cirea
1246 3934 1440 3998 materiam

315 4041 526 4123 specialiter
543 4039 666 4103 divino
684 4041 833 4103 servitio
853 4041 1020 4120 dicatam,
1054 4041 1209 4118 seilicet,
1246 4056 1438 4121 personas,
1533 4047 1534 4064 ¹

314 4148 397 4211 loca
414 4153 450 4210 et
466 4165 537 4227 res,
557 4163 649 4228 quae
666 4150 817 4229 propter
836 4147 1148 4212 consecrationem
1168 4145 1361 4210 Divinitati
1379 4146 1440 4212 vel
1533 4173 1534 4210 ;

316 4253 579 4316 dedicationem
596 4253 708 4316 cultui
726 4253 848 4316 divino
868 4261 947 4317 serat
965 4253 1044 4316 Dei.
