3062 4994
543 363 722 421 -141-

78 505 217 570 minium
246 506 451 588 temporale
467 522 514 570 ex
539 505 607 570 Dei
624 505 856 588 providentia
885 505 1056 569 Romanis
1074 505 1194 572 Ponti·

78 613 196 676 ficibus
229 611 403 676 collatum
436 611 484 675 ad
515 612 662 694 plenam
691 615 728 676 et
759 611 1006 676 necessariam
1038 610 1197 677 Sanctae

78 718 170 783 Sedis
183 717 518 800 independentiam.

156 826 215 889 82.
263 825 422 889 Primum
452 826 588 908 itaque,
608 825 797 889 Ecclesiae
815 824 910 888 inest
923 825 982 906 Jue
1011 825 1196 890 indubium

79 938 180 1014 atque
200 931 429 996 exclusivum
446 947 548 996 suam
564 931 804 1013 Disciplinam
824 931 1007 996 statuendi
1025 937 1060 996 et
1078 931 1197 997 mode-

79 1039 189 1102 randi:
209 1038 480 1121 praetermissis
510 1038 579 1102 hoc
597 1039 634 1102 in
667 1039 747 1102 loco
777 1037 985 1119 praecipuis
1017 1037 1195 1102 Ecclesia·

79 1144 186 1206 eticae
204 1143 433 1226 Disciplinae
466 1144 718 1224 divisionibus,
745 1145 874 1228 quibus
890 1143 1119 1210 addiscendis
1138 1146 1198 1209 vel

80 1249 349 1314 reminiscendis
377 1251 518 1314 consuli
543 1257 663 1333 potest
692 1255 818 1314 nostra
838 1251 1052 1316 Introductis
1069 1253 1105 1315 io
1132 1251 1199 1316 Jua

80 1355 359 1421 Ecdcsiuatr'ccm
387 1359 448 1439 (1),
468 1359 556 1421 satis
574 1367 629 1420 est
648 1357 753 1421 modb
771 1375 835 1438 pro
864 1357 999 1420 tuenda
1017 1362 1199 1438 potestate

81 1462 262 1527 Ecclesiae
288 1463 515 1546 disciplinari
541 1467 672 1527 iterum
701 1481 903 1527 memorare
921 1464 1145 1527 notissimam
1164 1468 1200 1527 et

81 1585 301 1634 communem
321 1569 593 1634 distinctionem
611 1569 837 1652 Discipliuae
865 1569 1007 1633 ratione
1025 1571 1146 1655 objecti
1163 1570 1201 1632 in

82 1675 325 1760 dopruoticam,
360 1677 512 1760 dopmalt'
544 1677 738 1758 aduectum,
770 1677 967 1760 liturpicam
1000 1681 1110 1758 atque
1144 1697 1199 1739 ec·

82 1789 219 1847 lanam.

164 1891 371 1973 Disciplina
387 1890 581 1974 dopmotico
600 1907 643 1954 ea
672 1893 740 1970 est,
760 1907 854 1971 quae
871 1891 970 1953 circa
987 1891 1163 1954 veritates
1180 1907 1203 1951 a

85 1995 219 2062 Christo
245 1997 400 2062 Domino
432 1998 587 2061 traditas
605 2003 641 2061 et
666 2015 688 2060 a
706 1997 845 2060 cunctis
863 1996 1028 2060 fidelibus
1058 1998 1201 2060 omuino

85 2104 280 2168 credendas
299 2107 483 2184 versatum
503 2103 708 2184 hujusmodi
737 2111 820 2166 sunt
848 2103 1001 2166 materia
1026 2106 1062 2164 et
1086 2102 1202 2164 forma

85 2208 411 2290 Sacrameutorum,
431 2211 590 2292 itemque
615 2210 732 2273 forma
758 2209 998 2274 ecclesiastici
1016 2207 1203 2290 regiminis

86 2333 141 2380 seu
158 2317 413 2382 ecclesiastica
442 2315 658 2380 Hierarchia
682 2316 790 2396 Juxta
814 2315 1063 2380 Tridentinam
1080 2313 1202 2378 delini·

87 2423 213 2486 tionem
230 2421 407 2486 divinitus
424 2423 602 2486 instituta:
623 2421 815 2502 disciplina
839 2421 1002 2506 litarpicu
1019 2437 1203 2500 nuncupa-

87 2535 149 2608 tur,
175 2545 270 2610 quae
304 2527 351 2592 ad
379 2527 630 2607 Sacramenta,
657 2527 911 2606 caerimonias,
941 2543 1066 2590 sacros
1099 2525 1202 2606 ritus,

87 2651 273 2716 rerumque
291 2651 479 2698 sacrarum
504 2633 717 2715 dignitatem
743 2633 804 2698 vel
832 2633 1077 2696 reverentiam
1096 2632 1205 2713 perti·

88 2745 155 2821 net;
180 2741 298 2806 veluti
326 2757 487 2804 canones
500 2740 720 2822 praescripti
734 2757 800 2821 pro
813 2739 928 2802 sacris
944 2737 1204 2818 ministrandis,

89 2846 184 2910 iestis
212 2844 457 2928 celebrandis,
484 2847 654 2928 precibus
672 2846 732 2910 vel
760 2845 1087 2926 supplicationibus
1116 2843 1205 2907 indi-

90 2953 218 3034 cendis,
237 2953 405 3017 ecclesiis
435 2951 705 3033 consecrandis,
725 2951 878 3032 aliisque
907 2951 1028 3014 multis
1062 2950 1108 3013 ad
1136 2951 1203 3014 ior·

91 3075 178 3122 mam
209 3065 247 3124 et
278 3059 590 3141 organizationem
623 3057 742 3121 cultus
774 3057 910 3138 publici
942 3055 1204 3138 spectantibus:

91 3163 276 3247 disciplina
294 3165 448 3250 dopmati
464 3165 603 3229 odaeco
620 3163 840 3245 appellatur,
859 3179 953 3245 quae
967 3179 1048 3226 cum
1062 3161 1207 3241 dogma-

93 3272 188 3336 teitu
205 3271 447 3352 connectitur,
467 3276 506 3334 ut
530 3271 669 3334 aboleri
697 3274 869 3352 nequeat,
888 3269 974 3351 quin
991 3267 1096 3331 simul
1114 3267 1206 3329 veri-

92 3379 157 3441 tati
184 3378 365 3460 dogmatis
383 3377 607 3457 detrabatur3
628 3377 712 3439 talis
728 3381 783 3439 est
799 3375 992 3456 disciplina
1020 3373 1208 3437 Sanctissi-

93 3501 181 3548 mam
192 3485 459 3550 Eucharistiam
478 3483 577 3548 cultu
590 3501 759 3566 supremo
773 3479 1099 3562 lotrioeadorandi,
1115 3497 1209 3562 quae

94 3605 169 3652 cum
192 3591 362 3674 dogmate
377 3589 489 3655 realis
506 3589 738 3672 praesentiae
755 3586 888 3652 Christi
905 3591 1044 3651 tantam
1062 3587 1209 3668 conjun-

94 3693 243 3761 ctionem
277 3696 401 3778 habet,
427 3699 467 3760 ut
497 3695 625 3761 eadem
658 3693 851 3775 disciplina
877 3693 956 3757 tolli
987 3693 1211 3758 autmutari

90 3807 245 3883 nequeat
261 3803 340 3868 sine
356 3805 517 3868 maxima
535 3799 707 3868 catholici
732 3801 912 3882 dogmatis
939 3799 1085 3882 injuria:
1106 3799 1210 3862 disci.

97 3905 191 3986 plina
207 3916 348 3976 aeterna
364 3909 500 3991 passim
518 3907 663 3990 dicitur,
682 3923 776 3990 quae
804 3909 995 3970 externam
1023 3903 1211 3968 Ecclesiae

97 4011 386 4092 gubernationem
401 4015 563 4099 respicit,
581 4013 642 4080 rel
659 4017 832 4078 externas
859 4009 1018 4076 fidelium
1035 4009 1210 4093 actiones,

98 4167 272 4180 —-...

164 4250 200 4315 ss)
233 4251 466 4321 captamus
