3096 4986
578 407 736 466 ..53-

100 549 317 616 scismatici
344 569 411 634 pro
440 550 560 615 causis
583 549 845 633 temporalibus
873 546 1109 632 olorinorum,
1136 549 1217 615 sive

102 655 275 739 civilibus,
294 657 374 723 sive
398 658 660 739 criminalibus
680 667 790 742 atquc
820 660 1076 744 ubropotioaem
1091 660 1218 725 immu-

102 763 216 826 nitatis
231 765 437 846 personalis
453 763 675 830 Olericorum
692 784 714 829 a
726 765 879 830 servitio
898 765 1059 828 militari.

181 869 236 934 28.
286 871 352 936 His
370 873 620 954 praemonitis,
635 877 675 936 ut
692 890 749 954 ea,
765 889 858 956 quae
877 876 977 935 certe
991 873 1038 935 ab
1053 871 1218 936 omnibus

102 981 275 1060 tenentur,
294 977 424 1042 melius
449 983 701 1060 secernantur,
721 977 1011 1042 controversiam
1036 978 1131 1041 inter
1159 993 1218 1042 ca·

103 1083 255 1147 nonistas
279 1083 350 1148 bac
367 1101 478 1167 super
495 1101 535 1148 re
553 1085 730 1166 agitatam
759 1084 891 1148 leviter
908 1083 1216 1164 adumbrabimus;

103 1190 281 1268 quaeritur
311 1191 407 1255 enim
424 1209 471 1255 an
499 1191 707 1256 immunitas
731 1191 778 1255 sit
796 1192 896 1277 juria
920 1191 1031 1256 divini
1049 1190 1109 1254 vel
1119 1191 1218 1276 juria

102 1293 245 1361 lamani.

182 1402 251 1468 Pro
260 1406 346 1490 jure
363 1404 481 1470 divino
500 1407 574 1468 tres
592 1409 739 1469 exstant
755 1403 972 1468 sententiae:
994 1401 1046 1466 1.⁸
1062 1410 1217 1468 entrema

104 1523 216 1572 eorum
241 1511 305 1593 qui
320 1529 403 1574 aum
420 1510 561 1575 Eximio
578 1509 763 1592 Suarezio,
784 1508 891 1576 Curd.
911 1507 1046 1591 Soglia,
1064 1509 1217 1590 aliisque

104 1618 369 1698 quamplurimis
387 1619 652 1699 probatissimis
667 1617 845 1699 theologis
861 1634 905 1681 ac
922 1617 1120 1681 canonistis
1134 1633 1217 1679 con·

106 1724 245 1788 undant
278 1725 546 1807 exemptionem
581 1723 804 1790 clericorum
837 1725 947 1788 etiam
979 1725 1017 1788 in
1049 1723 1218 1788 civilibus

107 1831 248 1909 negotiis
261 1836 300 1895 et
317 1831 437 1895 causis
450 1832 699 1896 criminalibus
719 1832 764 1895 ad
777 1833 836 1913 jus
856 1831 1017 1895 divinum
1031 1849 1110 1895 esse
1125 1831 1216 1894 refe·

107 1935 256 2000 rendam:
276 1935 331 2001 2.⁸
346 1938 460 2002 media
484 1939 628 2002 illorum
647 1939 707 2020 qui
732 1942 900 2002 asserunt
929 1939 1218 2002 ecclesiasticam

26 2029 28 2108 Ῠ
108 2039 371 2120 immunitatem,
389 2045 559 2126 generice
576 2049 793 2127 spectatam,
811 2061 890 2109 esse
907 2045 1114 2108 immediate
1124 2044 1217 2124 juris

106 2141 220 2228 divini,
251 2149 316 2213 sed
345 2157 474 2232 postea
497 2152 581 2233 jure
609 2153 859 2216 ecclesiastico
890 2151 1214 2230 determinandam,

105 2251 189 2317 sicut
215 2257 324 2334 enim,
344 2257 453 2338 ajunt
481 2257 626 2340 patroni
655 2257 761 2340 hujus
791 2257 1006 2337 sententiae,
1037 2256 1217 2319 habentur

109 2354 195 2437 leges
212 2359 361 2424 divinae
380 2361 424 2425 de
438 2379 476 2425 se
494 2361 799 2427 indeterminatae
817 2369 853 2426 et
866 2363 949 2444 jure
967 2361 1216 2425 ecclesiastico

108 2461 407 2548 determinandae,
427 2469 477 2532 uti
506 2475 704 2551 praecepta
725 2469 985 2534 communionis
1004 2468 1215 2532 eucharisti·

106 2583 174 2648 cae,
192 2573 311 2635 cultus
329 2571 455 2654 divini,
475 2575 774 2656 mortificationis,
796 2576 941 2656 aliaque
959 2574 1136 2655 ejusmodi
1165 2574 1214 2637 in-

109 2673 338 2742 determinata
369 2679 488 2761 quoad
521 2685 675 2763 tempus,
707 2681 862 2762 modum,
894 2685 930 2745 et
961 2682 1092 2763 locum,
1124 2699 1217 2763 quae

107 2787 215 2848 tamen
234 2786 407 2869 deinceps
424 2787 506 2868 lege
521 2789 773 2853 ecclesiastica
791 2789 1021 2868 deliniuntur3
1041 2789 1092 2852 ita
1106 2789 1217 2852 etiam

109 2886 342 2956 immunitates
357 2893 440 2973 jure
455 2893 578 2957 divino
593 2896 763 2975 generice
777 2913 821 2959 ac
838 2895 1116 2959 indeterminate
1134 2913 1216 2958 con-

109 2994 256 3080 stitutae,
277 3015 343 3081 pro
362 3005 563 3081 temporum
593 3002 878 3082 opportunitate,
898 3003 1067 3066 variabili
1097 3001 1215 3082 modo,

111 3105 225 3183 majori
242 3106 305 3170 vel
323 3107 451 3171 minori
476 3109 714 3190 amplitudine
732 3116 883 3192 possunt
911 3110 956 3173 ab
975 3109 1140 3172 Ecclesia
1158 3107 1217 3169 do-

109 3209 298 3276 ‘tcrminarit
328 3213 412 3277 huic
438 3216 642 3278 sententiae
671 3233 858 3279 assensum
888 3215 1065 3297 praebere
1093 3213 1216 3294 nequi·

109 3329 187 3395 ‘mus,
206 3319 292 3400 quia
319 3319 435 3382 solido
463 3321 698 3385 fundamento
728 3322 934 3386 destituitur
963 3321 1007 3384 ob
1036 3320 1217 3382 delectum

111 3425 278 3505 paritatis
297 3426 430 3490 etenim
459 3427 488 3490 ei
520 3429 726 3492 immunitas
756 3429 911 3507 clericis,
931 3428 1020 3490 locis
1038 3443 1081 3490 ac
1109 3425 1217 3490 rebus

111 3523 382 3612 Ecclesiaefiure
398 3532 521 3596 divino
539 3535 724 3614 competit,
746 3535 900 3599 materia
914 3541 968 3596 est
986 3533 1029 3597 de
1043 3551 1082 3597 se
1099 3532 1217 3596 detor·

112 3634 246 3718 minata,
274 3637 466 3721 deficitque
496 3640 649 3721 proinde
676 3658 747 3722 res,
775 3641 955 3722 objectum
979 3641 1041 3704 vel
1069 3657 1218 3722 praece-

111 3745 197 3817 ptum
226 3745 558 3826 indeterminatum,
586 3747 635 3810 uti
662 3747 702 3810 fit
730 3751 766 3810 in
796 3747 917 3810 allatis
946 3747 1135 3827 exemplis:
1166 3729 1220 3808 33*

26 3915 27 3922 ἵ
110 3851 420 3929 sententiarum,
440 3869 533 3933 quae
550 3853 653 3916 nobis
671 3854 787 3935 magis
803 3853 951 3934 arridet,
971 3853 1146 3934 originem
1162 3852 1218 3931 ju-

111 3949 248 4020 ridicam
272 3957 538 4020 immunitatum
557 3958 691 4038 repetit
707 3965 832 4022 remote
849 3975 869 4020 a
884 3959 966 4039 jnrc
985 3957 1120 4035 divino,
1136 3975 1218 4039 pro·

26 4111 27 4114 ,
111 4057 190 4123 aime
206 4079 228 4124 a
239 4063 323 4142 jure
339 4063 758 4144 ecclesiastico.Rejecta
775 4065 885 4145 igitur
898 4063 951 4127 2²
964 4064 1157 4144 sententia,
1173 4062 1218 4126 de

112 4161 157 4224 1.Ε
167 4175 200 4230 et
212 4167 265 4232 3!
279 4169 491 4251 singillatim
510 4171 826 4251 pertractabimus.

188 4273 255 4339 Pro
265 4277 350 4362 June
366 4275 515 4342 humano
532 4283 606 4340 tres
634 4277 730 4341 aliae
747 4281 983 4341 recensentur
1000 4275 1216 4341 sententiae:
