3096 4986
797 421 951 480 44-

316 564 505 630 Ecclesiae
529 563 753 630 concessisse
784 565 845 630 vel
861 569 991 647 sponte
1004 563 1213 647 agnovisse,
1232 566 1269 628 et
1293 561 1451 645 quidem

316 677 502 754 tamquam
520 671 619 752 juste
637 669 779 734 debitas
809 675 846 734 et
878 669 988 734 valde
1017 675 1262 752 congruentes
1290 666 1451 732 divinae

315 777 545 858 institutioni,
560 777 760 840 altissimae
773 775 941 858 dignitati
957 793 1001 839 ac
1014 775 1264 840 nobilissimae
1277 773 1452 838 missioni

316 883 502 948 societatis
516 883 710 965 religiosae
727 879 905 948 aChrlsto
919 880 1102 946 conditae.

406 989 461 1054 Ad
498 989 744 1071 Imperatores
773 993 894 1052 autem
925 987 1143 1052 cbrIstlanos
1168 983 1265 1070 quod
1293 983 1451 1064 attinet,

317 1094 470 1160 adeatur
486 1095 533 1158 ad
556 1093 707 1160 Codices
722 1093 1010 1158 Theodosiauum
1038 1097 1076 1157 et
1101 1090 1385 1172 iustinianeum,
1405 1090 1454 1156 in

318 1201 448 1284 quibus
465 1202 599 1283 passIm
614 1207 671 1264 est
686 1200 852 1264 invenire
869 1199 970 1281 leges
998 1217 1021 1263 a
1052 1197 1307 1279 Constantino,
1326 1197 1452 1260 Theo·

319 1307 420 1372 doeio
434 1307 577 1390 Magno,
592 1305 613 1372 J
618 1306 796 1370 ustiniano
807 1305 961 1388 aliisque
978 1305 1265 1387 imperatoribus
1293 1303 1393 1367 latas
1407 1302 1455 1368 in

319 1414 486 1478 favorem
501 1411 723 1477 clericorum
737 1419 774 1475 et
786 1429 851 1492 pro
868 1411 1092 1492 reverentia,
1112 1427 1207 1490 quae
1225 1409 1315 1474 locis
1333 1411 1372 1473 et
1389 1425 1453 1472 re·

319 1520 385 1584 bus
402 1519 516 1583 sacris
534 1519 643 1582 tribui
660 1517 768 1582 debet
786 1517 846 1597 (l):
861 1516 1071 1599 speciminis
1085 1515 1208 1600 gratIa
1225 1514 1331 1580 unius
1364 1517 1454 1578 tan·

319 1631 394 1690 tum
412 1625 650 1704 meminimus,
670 1639 813 1704 nempe,
847 1623 1140 1705 sapientissimae
1172 1621 1264 1704 legis
1297 1639 1320 1684 a
1352 1617 1455 1686 Con·

319 1731 480 1794 stantino
499 1729 630 1811 Magno
648 1729 900 1810 promulgatae
916 1736 952 1792 et
969 1729 1005 1793 in
1019 1726 1188 1793 codicem
1222 1725 1455 1792 Theodosia-

320 1855 405 1900 num
434 1836 587 1901 relatae:
610 1834 698 1916 “Qui
727 1835 849 1900 divino
882 1835 995 1900 cultui
1024 1835 1227 1900 ministeria
1245 1833 1457 1916 'religionis

320 1941 545 2026 impendunt,
562 1941 599 2006 id
623 1949 689 2024 est,
707 1943 769 2024 qui
786 1942 1020 2024 appellantur
1044 1941 1181 2024 clerici,
1208 1941 1256 2006 ab
1276 1939 1457 2004 omnibus

321 2049 467 2114 omnino
486 2049 655 2113 oneribus
673 2053 905 2128 excusantur,
923 2064 969 2112 ne
998 2047 1180 2130 sacrIIego
1206 2047 1325 2112 livore
1358 2063 1456 2128 quo-

321 2156 484 2220 rumdam
502 2174 524 2220 a
540 2155 673 2220 divinis
689 2155 869 2236 obsequiis
886 2159 1087 2220 evocentur
1111 2155 1194 2240 (bl,

411 2261 467 2325 Ad
481 2261 663 2325 Barbaros
680 2260 776 2342 quod
792 2263 949 2343 spectat,
969 2277 1014 2324 ex
1028 2261 1235 2326 testimonio
1253 2257 1456 2325 Cassiodo-

321 2368 354 2432 ri
371 2367 503 2431 scimus
521 2367 745 2431 Atalericum
777 2383 899 2448 regern
918 2364 1131 2448 Gothorum,
1150 2367 1237 2432 licet
1266 2367 1456 2448 arianum,

322 2473 514 2556 quemdam
544 2473 808 2555 magistratum,
834 2473 895 2554 qui
912 2471 1047 2537 Rornae
1065 2471 1258 2540 diaconum
1278 2473 1458 2539 incensa
1539 2463 1540 2468 ’

323 2579 423 2644 civili
441 2578 692 2659 damnaverat,
707 2579 758 2642 ita
774 2579 939 2660 graviter
956 2579 1184 2661 objurgasse:
1202 2577 1329 2659 “Quod
1340 2579 1458 2644 nobis

223 2769 227 2780 ·
324 2701 390 2763 pro
403 2685 565 2764 ingenita
583 2685 804 2765 reverentia,
823 2703 930 2767 quam
948 2691 1072 2750 nostro
1088 2685 1262 2752 debemus
1280 2687 1456 2769 Auctori,

324 2787 551 2870 displicuisse
569 2791 778 2871 profitemur
797 2797 835 2854 ut
848 2791 909 2874 qui
922 2793 1021 2873 prius
1036 2799 1247 2857 meruerant
1263 2793 1383 2858 sacris
1397 2793 1457 2857 In·

323 2895 464 2959 servire
479 2896 700 2976 ministeriis,
712 2897 1013 2962 conventionibus
1029 2897 1280 2964 irreverenter
1293 2899 1457 2964 nefariis
1538 2923 1539 2964 r

324 3001 491 3082 expositi,
509 3001 650 3082 injuriis
668 3003 900 3082 subjacerent
918 3003 1000 3087 (3)„;
1018 3021 1151 3070 everso
1169 3009 1293 3070 autem
1318 3005 1456 3070 Roma-

324 3123 370 3170 no
384 3105 554 3187 Imperio,
583 3107 705 3188 plures
722 3107 909 3191 Principes
939 3109 985 3173 ad
1014 3107 1331 3176 Christianismum
1365 3128 1457 3176 oon·

324 3211 436 3292 versi,
450 3229 531 3276 cum
543 3213 580 3274 in
605 3213 710 3276 novis
726 3213 847 3294 regnis
865 3215 901 3278 in
919 3213 1066 3297 Europa
1098 3217 1309 3281 constitutis
1343 3233 1457 3282 suum

325 3316 485 3382 tribunal
503 3317 623 3400 quoad
640 3335 698 3380 res
709 3318 902 3397 jndiciales
915 3321 1060 3402 populis
1073 3321 1182 3386 victis
1197 3322 1455 3404 reliquissent,

325 3425 363 3484 et
379 3423 524 3486 aliunde
541 3421 738 3486 tribunalia
762 3424 937 3504 specialia
969 3425 1147 3490 haberent
1161 3427 1317 3510 nobiles,
1336 3425 1457 3494 Olari-

326 3527 379 3590 cls
392 3529 500 3592 etiam
516 3533 753 3593 asseruerunt
771 3547 837 3610 pro
855 3529 1032 3612 dignitate
1060 3533 1307 3600 ecelesiastici
1331 3539 1458 3600 status

326 3633 521 3715 privilegia
539 3635 668 3717 quibus
682 3636 757 3717 jam
775 3635 872 3718 apud
889 3637 1070 3704 Romanos
1085 3639 1312 3722 guadebant.

398 3869 437 3935 ll)
475 3867 697 3923 Valentinianus
711 3871 761 3936 Ill,
775 3875 807 3925 ut
819 3887 856 3925 ex
882 3871 1010 3927 Historia
1039 3879 1162 3946 mnatat,
1186 3877 1373 3946 privilegium
1400 3879 1459 3934 fori
1536 3931 1537 3934 ,

327 3955 379 4006 pro
393 3938 510 3994 clericis
522 3939 654 4002 abolevit
667 3946 762 3994 tamen
776 3943 901 3996 Historia
919 3947 1005 3996 etiam
1030 3946 1115 4000 nobis
1140 3953 1265 4001 tesmtur
1289 3949 1459 4004 Concilium
1536 3941 1537 3944 ¹

328 4011 535 4075 Andegavense
547 4010 644 4063 statIm
657 4011 829 4066 celebratum
843 4013 960 4067 Clericis
973 4015 1157 4082 prohibuisse
1170 4033 1207 4072 ne
1223 4035 1241 4072 a
1252 4020 1363 4088 iudicio
1391 4023 1459 4090 Epi·

327 4082 407 4146 scopi
419 4081 607 4144 discederent,
620 4085 649 4133 et
661 4081 863 4148 Imperatorem
877 4083 1066 4151 Maiorianum
1082 4090 1175 4156 legem
1193 4090 1398 4146 Valentiniani
1413 4093 1460 4146 III

327 4149 483 4215 abrogasse
495 4158 581 4218 atque
595 4153 772 4218 privilegium
783 4155 834 4208 tori
843 4158 944 4208 lterum
957 4163 1049 4210 ratum
1064 4159 1237 4228 firmumque
1249 4161 1401 4218 habuisse.

399 4225 436 4285 (a)
472 4221 539 4288 Leg.
555 4225 596 4288 le,
611 4223 651 4275 tie.
667 4227 691 4288 a,
705 4223 752 4276 rib.
764 4223 788 4276 r.

400 4292 439 4359 (3)
475 4292 537 4345 Lib.
551 4293 621 4346 VIII
640 4290 792 4363 Varr'orum,
805 4311 865 4363 cap.
877 4299 920 4348 24.
