3062 4994
531 397 712 458 -163-

80 539 169 621 copia
194 556 328 620 rerum,
356 558 425 604 uno
443 541 571 624 verbo,
597 539 676 605 sinc
703 542 844 624 magnis
871 543 1074 625 sumptibus
1103 543 1183 608 flori

23 709 24 712 ,
80 664 138 710 non
152 651 312 728 possunt:
327 647 438 729 igitur
454 645 621 712 Ecclesia
635 665 682 712 ex
698 666 764 711 sua
777 649 1005 713 institutione
1019 654 1055 713 et
1068 649 1184 714 divini

80 751 277 816 Fundatoris
294 754 485 818 voluntate
498 755 558 834 Jus
577 753 688 820 habet
704 754 773 819 sibi
790 755 1040 836 comparandi,
1061 758 1184 838 acqui-

81 858 165 922 rendi
191 877 236 923 ac
263 859 473 942 possidendi
497 861 577 925 sive
600 861 789 942 pecunias,
808 862 888 925 sive
915 861 1012 926 bona
1036 863 1185 926 stabilia

79 972 108 1028 ct
119 965 304 1047 frugifera,
323 967 451 1048 quibus
469 967 673 1032 communia
690 985 803 1032 onera
820 968 997 1050 perierat,
1012 969 1184 1050 quemad-

81 1071 203 1135 modum
220 1073 323 1136 civili
339 1073 507 1136 societati
520 1074 579 1154 jus
597 1078 652 1137 est
676 1073 847 1155 exigendi
865 1075 1134 1156 praestationes
1149 1083 1185 1140 et

79 1179 208 1260 tributa,
239 1179 302 1244 vel
335 1181 443 1244 etiam
471 1180 568 1244 bona
596 1180 745 1244 mobilia
777 1186 814 1244 et
842 1181 1042 1246 immobilia
1071 1184 1184 1264 possi-

79 1283 181 1366 dendi,
200 1289 240 1350 ut
263 1285 433 1368 publicae
450 1285 660 1350 necessitati
678 1291 787 1368 atque
806 1287 954 1352 utilitati
973 1287 1186 1370 prospicere

80 1391 197 1456 valeat.

151 1515 202 1578 3.⁰
248 1514 416 1595 Domum,
434 1516 590 1580 facultas
604 1515 793 1580 Ecclesiae
806 1515 853 1579 ad
868 1515 1019 1598 praedia
1032 1521 1068 1580 ot
1082 1534 1186 1599 quas·
1239 1557 1243 1564 -

79 1635 215 1703 cumque
248 1622 343 1686 alias
375 1639 434 1685 res
470 1623 691 1704 temporales
728 1622 994 1704 comparandas
1030 1623 1186 1687 retinen·

79 1724 199 1808 dasque
207 1730 295 1814 juro
309 1728 419 1792 etiam
437 1729 533 1792 cicili
551 1728 660 1809 plane
677 1729 924 1792 confirmatur:
941 1747 986 1792 ex
1003 1747 1073 1812 quo
1091 1731 1186 1796 enim

79 1829 310 1914 Imperatores
325 1835 478 1899 Romani
502 1835 716 1916 religionem
734 1836 970 1900 christianam
987 1839 1188 1920 amplexati

79 1946 159 2020 sunt,
186 1942 399 2005 reverentia
429 1958 472 2004 ac
499 1942 637 2022 pietate
665 1959 754 2023 erga
782 1941 953 2006 Sanctam
986 1942 1189 2010 Ecclesiam

80 2043 163 2110 ducti
178 2047 467 2129 quamplurimas
483 2048 584 2129 leges
603 2047 762 2126 edidere,
779 2049 908 2130 quibus
926 2049 1017 2113 haec
1031 2052 1189 2132 copiosis

80 2150 319 2232 largitionibus
344 2153 677 2218 munificentissime
690 2155 997 2238 locupletabatur,
1017 2161 1126 2239 atque
1144 2158 1189 2221 si·

81 2259 140 2322 mul
166 2261 245 2342 ejus
273 2261 523 2325 sacratissima
547 2263 632 2342 jura
657 2263 779 2342 palam
808 2264 1114 2344 agnoscebantur.
1144 2263 1190 2328 Et

79 2381 166 2446 sane,
184 2368 322 2449 primus
339 2369 497 2432 omnium
513 2367 771 2433 Constantinus
788 2369 941 2451 Magnus
970 2369 1089 2450 legem
1105 2371 1190 2434 tulit

81 2479 284 2551 potestatem
312 2477 476 2541 omnibus
504 2475 652 2539 tradens
681 2475 856 2540 Ecclesiis
886 2479 1104 2538 testamento
1135 2493 1189 2540 re·

81 2577 251 2662 linquendi
268 2583 443 2666 quidquid
460 2601 506 2648 ex
530 2583 603 2648 suis
621 2583 724 2647 bonis
743 2583 868 2647 vellet:
889 2581 1054 2647 “Habeat
1084 2599 1189 2646 unus-

79 2687 216 2771 quisque
233 2689 419 2754 licentiam
436 2691 679 2770 sanctissimo,
694 2689 888 2770 catholico,
908 2687 1188 2771 venerabilique

81 2787 226 2858 Concilio
252 2795 432 2860 decedens
458 2795 632 2860 bonorum
651 2796 748 2878 quod
765 2797 950 2877 optaverit
968 2797 1190 2878 relinquere.

81 2897 147 2964 Non
162 2901 234 2966 sint
250 2921 357 2967 cassa
370 2903 509 2984 judicia
527 2904 617 2985 ejus;
638 2904 727 2966 nibil
745 2911 812 2983 est,
833 2903 929 2984 quod
947 2905 1063 2984 magis
1080 2904 1191 2966 homi·

82 3006 171 3072 nibus
184 3008 373 3090 debeatur,
388 3028 496 3092 quam
510 3016 548 3073 ut
561 3027 754 3091 supremae
769 3009 981 3090 voluntatis,
997 3017 1193 3092 postquam

82 3112 167 3178 aliud
179 3117 255 3203 jam
275 3115 371 3180 velle
388 3133 461 3182 non
478 3123 640 3198 possunt,
656 3116 749 3179 liber
766 3117 813 3178 sit
830 3117 959 3197 stylus,
979 3121 1016 3179 et
1040 3116 1191 3194 licitum,

81 3221 166 3299 quod
189 3224 322 3286 iterum
339 3241 410 3287 non
434 3223 541 3304 redit,
560 3223 771 3306 arbitrium„
792 3223 852 3302 (1).
872 3223 964 3286 Item
985 3221 1048 3284 alii
1077 3221 1192 3302 Impe-

82 3335 208 3393 ratores
237 3331 391 3394 liberum
416 3331 545 3413 cuique
568 3331 818 3411 permiserunt¹
842 3329 1044 3408 arbitrium,
1063 3328 1123 3392 vel
1143 3333 1193 3390 te-

81 3435 308 3500 stamentaria
332 3437 574 3516 successione,
594 3436 654 3498 vel
679 3435 820 3499 actibus
849 3438 945 3498 iuter
962 3433 1069 3498 vivos
1086 3451 1194 3516 quae·

83 3553 221 3624 cumque
249 3543 347 3606 bona
374 3542 410 3605 in
439 3541 641 3606 Ecclesiam
670 3541 916 3605 transferendi
948 3539 1008 3623 (2).
1041 3539 1196 3622 Insuper

84 3648 207 3728 templa
223 3645 433 3731 Gentilium,
453 3665 649 3730 eorumque
681 3647 856 3728 redditus,
875 3663 1016 3711 necnon
1038 3664 1195 3712 conven-

84 3749 183 3818 ticula
209 3755 490 3836 haereticorum,
509 3761 545 3818 et
572 3753 724 3836 praedia
755 3752 801 3816 ad
829 3753 957 3818 eadem
988 3753 1196 3836 spectantia

83 3873 125 3921 ex
146 3857 407 3944 Imperatorum
430 3861 653 3926 liberalitate
683 3858 894 3932 Catholicae
925 3859 1117 3923 Ecclesiae
1136 3857 1198 3921 ad·

86 4049 257 4062 -Ἢ

149 4209 183 4268 (li
217 4208 284 4275 Leg.
298 4204 410 4260 Habeat
422 4205 603 4274 anamuiapac
613 4205 644 4258 Ο.
654 4204 691 4258 de
703 4202 758 4258 SS.
773 4201 912 4258 Ecclect'ia.

150 4277 183 4343 (2)
216 4275 682 4352 ch.1900d.deSS.Eccleciia.
753 4331 755 4334 ,
796 4331 798 4336 ,
