3038 4994
550 396 728 454 ..991-

171 535 241 602 170.
288 537 488 619 Utramque
504 539 722 605 sententiam
746 547 947 622 schemam,
966 544 1042 606 tum
1074 541 1200 607 catho-

96 641 240 725 licorum,
261 647 337 708 tum
356 643 625 726 regalistarum,
645 647 889 729 respuendam
911 664 992 712 esse
1020 647 1198 730 ducimus;

16 767 17 852 ,
95 747 235 829 priorem
253 753 380 831 utpote
396 750 512 815 solido
526 750 763 816 fundamento
777 751 1000 834 destitutam,
1027 755 1195 836 alteram,

92 855 165 937 quia
176 856 381 921 catholicae
394 856 583 922 doctrinae
600 859 710 941 plane
727 857 957 924 adversatur.

165 961 323 1028 Primum
354 966 478 1046 itaque
510 965 610 1029 nullo
642 970 750 1046 pacto
793 966 964 1030 assentiri
1007 983 1198 1047 possumus
1311 945 1315 952 ¹

91 1073 326 1151 exaggeratas
343 1086 466 1134 eorum
485 1071 646 1152 opinioni
664 1071 725 1154 qui
742 1073 820 1135 fere
838 1072 996 1154 gratuito
1013 1072 1199 1136 affirment

90 1171 258 1240 Christum
272 1175 464 1240 Dominum
482 1179 556 1242 suis
574 1178 736 1244 interris
754 1177 911 1242 Vicariis
941 1179 1196 1260 omnimodam,

90 1281 280 1349 absolutam
293 1287 330 1348 ot
342 1281 518 1347 directam
532 1289 750 1366 potestatem
763 1285 801 1349 in
814 1302 873 1349 res
886 1286 1107 1367 temporales
1118 1303 1199 1350 esse

16 1427 17 1432 κ
88 1387 311 1468 inpertitum3
326 1389 473 1469 etenim,
487 1392 514 1467 ⁸)
528 1389 635 1454 Petro
652 1399 689 1455 et
705 1391 891 1473 Apostolis
904 1408 1100 1474 eorumque
1113 1389 1198 1456 Suc·

16 1567 17 1584 2
89 1495 293 1576 sessoribus,
304 1495 411 1576 Juxta
425 1513 533 1562 sacre
547 1496 704 1579 eloquio,
724 1496 810 1560 data
823 1503 879 1561 est
892 1497 1006 1560 omnis
1021 1501 1196 1579 potestas,

88 1601 269 1666 sedrelate
286 1601 333 1666 ad
358 1602 464 1667 finem
482 1603 724 1685 spiritualem,
742 1602 811 1667 hoc
828 1607 895 1684 est,
915 1602 963 1667 ed
990 1621 1034 1667 ea
1062 1603 1196 1686 omnia,

89 1723 169 1788 quae
185 1708 471 1790 cumreligione,
490 1710 716 1774 couscientia
741 1717 804 1774 aut
828 1710 904 1773 vita
921 1715 1073 1774 aeterna
1105 1711 1198 1774 rela-

88 1814 208 1879 tionem
240 1815 302 1880 vel
320 1816 585 1880 connexionem
616 1817 766 1898 habent,
797 1817 976 1900 siquidem
1002 1835 1075 1882 non
1108 1817 1199 1884 dixit

88 1917 250 1985 Dominus
267 1920 616 2003 Apostolis——euutea
633 1943 712 2008 erpo
729 1925 835 2008 reptio
852 1924 1033 2006 Principes
1064 1931 1096 1988 et
1113 1925 1199 1990 diri·

16 2049 18 2082 l
87 2025 142 2108 pite
158 2028 420 2112 temporalia—,
437 2027 665 2095 sed—euntes
683 2050 761 2115 erpo
778 2031 891 2095 docete
904 2036 1196 2114 omnespeutea—;

16 2141 18 2148 ’
88 2127 212 2216 blquia
228 2135 372 2199 theoria
389 2136 433 2200 de
451 2136 587 2218 duplici
603 2137 739 2218 gladio,
757 2137 853 2220 apud
866 2135 1110 2201 Scholasticos
1127 2155 1198 2202 me·

88 2237 221 2306 diiaevi
238 2241 375 2323 passim
402 2245 566 2324 recepta,
586 2241 675 2307 nihil
693 2243 793 2307 aliud
809 2247 864 2307 est
881 2260 990 2324 quarn
1020 2242 1199 2324 quaedam

88 2347 359 2429 exemplificatio
377 2349 710 2430 accommodatitia,
744 2350 796 2416 uti
814 2349 906 2414 alias
939 2349 1198 2414 animadverti·

87 2470 154 2518 mus
170 2455 231 2539 (1),
250 2471 297 2519 ex
313 2453 517 2538 Evangelio
545 2461 702 2539 sumpta,
722 2463 809 2539 apta
826 2456 993 2539 equidem
1010 2455 1198 2520 declaran-

88 2558 146 2623 dae
162 2561 389 2643 obligationi,
419 2576 513 2644 quae
530 2561 758 2645 Principibus
776 2563 963 2644 incumbit,
996 2561 1121 2626 tuendi
1154 2579 1199 2627 ac

88 2667 292 2749 protegendi
308 2667 524 2749 Ecclesiam,
544 2685 617 2732 non
635 2673 756 2732 autem
772 2669 916 2751 idonee,
936 2669 1122 2751 multoque
1134 2669 1197 2733 mi-

86 2787 142 2836 nus
158 2773 343 2840 sufficiens
361 2775 408 2838 ad
424 2775 656 2840 tribuendam
673 2777 842 2842 societati
865 2795 887 2840 a
904 2775 1047 2842 Christo
1076 2777 1197 2842 condi-

86 2880 212 2946 taevel
236 2897 407 2962 supremo
434 2897 479 2944 ec
511 2880 648 2946 visibili
681 2879 842 2962 eJusdem
871 2879 1002 2963 Capiti,
1036 2881 1197 2947 Romano

86 2979 252 3068 Pontifici,
271 2987 529 3050 auctoritatem
546 2988 831 3068 omnipotentem
859 2986 896 3050 in
924 2988 1072 3068 negotia
1105 2988 1197 3052 ordi·

85 3090 131 3152 nis
148 3092 278 3174 civilis,
310 3097 374 3156 aut
390 3094 427 3156 in
443 3095 606 3176 regimen
635 3095 837 3177 temporale
854 3098 965 3177 atque
993 3101 1196 3176 externum,

85 3191 282 3281 Principum
296 3200 540 3264 saecularium
558 3201 759 3282 proprium3
776 3201 801 3284 ο)
815 3202 900 3283 quia
916 3201 1093 3282 ejusmodi
1122 3203 1198 3283 pla·

85 3303 195 3385 eitum,
215 3305 354 3386 optima
368 3311 490 3370 mente
507 3323 551 3370 ac
568 3307 791 3371 nobilissimo
820 3324 932 3388 scopo
964 3325 986 3370 a
1014 3307 1198 3372 nonnullis

84 3411 263 3477 catholicis
280 3417 536 3496 sustentatum,
556 3414 661 3478 nobis
679 3413 823 3479 ridetur
849 3414 1021 3478 effectum
1047 3430 1197 3494 prorsus

84 3521 297 3583 contrarium
315 3517 530 3601 producere,
546 3537 628 3584 cum
645 3520 709 3584 vix
727 3525 790 3584 aut
806 3537 852 3584 ne
870 3519 934 3584 vix
952 3518 1097 3601 quidem
1114 3537 1198 3584 oon·

84 3621 204 3688 sistere
220 3642 264 3690 ac
290 3626 459 3708 componi
476 3626 590 3708 possit
620 3644 700 3691 curn
729 3626 923 3708 pontificiis
956 3625 1196 3710 documentis,

85 3723 232 3796 Sanctae
248 3731 352 3797 Sedis
369 3731 512 3796 actibus
529 3737 567 3796 et
580 3732 807 3796 traditionali
823 3749 945 3796 sensu.

164 3833 415 3902 Commentum
435 3837 637 3902 aulicorum
654 3837 812 3920 Regibus
825 3837 1109 3904 adscribentium
1122 3840 1197 3921 ple·

85 3954 160 4005 nam
175 3943 439 4008 immunitatem
457 3944 748 4028 completamque
776 3944 1045 4026 exemptionem
1077 3944 1123 4009 ab
1140 3962 1198 4010 ec·

84 4045 282 4115 olesiastica
298 4055 494 4133 potestate,
513 4050 665 4133 perinde
677 4069 721 4116 ac
733 4052 764 4116 si
776 4051 964 4134 Principes
983 4051 1194 4118 saeculares

85 4199 261 4216 ’'——n—-n

149 4303 188 4372 (1)
222 4305 739 4376 v01.1,0sp.1,art.V1u,pag.125.
848 4263 851 4268 Δ
