3096 4986
575 383 734 442 ...51-

98 525 275 608 principia
290 526 532 608 naturalismi,
552 525 738 608 regalismi
762 530 874 609 atque
887 526 1112 610 liberalismi,
1131 546 1216 594 neo·

19 643 21 732 ζ
99 632 196 696 tarini
214 649 341 696 omnes
358 633 566 697 novissimis
595 632 746 698 theoriis
762 633 907 715 abrepti
938 635 1096 717 undique
1131 653 1215 700 con-

19 745 21 796 }
98 739 300 803 clamarunt
319 736 481 804 Olericos
516 741 552 803 in
584 739 844 804 ecclesiasticis
880 740 1008 805 olflciis
1040 743 1217 807 immunes

19 827 21 920 ζ
100 859 173 907 csse
185 844 322 909 debere
339 863 361 908 a
373 849 556 926 potestate
573 845 683 922 laica,
702 864 774 910 non
806 851 928 910 autem
952 846 990 910 in
1007 849 1215 914 muneribus

19 993 21 1042 ς
99 951 345 1016 saecularibus
361 968 405 1015 ac
422 951 590 1033 publicis,
609 951 793 1034 inquibus
822 952 971 1035 reliquis
989 954 1130 1018 civibus
1158 972 1216 1018 ae·

19 1057 20 1098 3
100 1057 347 1138 quiparantur;
361 1058 428 1122 sub
445 1058 572 1122 eadem
590 1059 870 1139 ratiocinatione
895 1059 1107 1124 effutierant
1133 1060 1216 1124 loca

101 1181 201 1228 sacra
218 1169 255 1228 et
271 1164 367 1228 bona
383 1163 585 1246 Ecclesiae,
605 1171 783 1247 quatenus
802 1165 924 1230 usibus
955 1167 1136 1248 religiosis
1164 1168 1215 1230 iu·

100 1269 260 1334 serviunt
276 1288 299 1333 a
321 1270 551 1352 legislatione
580 1271 834 1336 ecclesiastica
852 1271 1046 1353 moderari,
1080 1273 1145 1337 sed
1178 1274 1215 1338 in

102 1377 252 1440 caeteris
266 1377 348 1457 jure
365 1377 546 1440 communi
569 1377 648 1458 regi
677 1382 859 1460 oportere,
886 1395 932 1442 ne
960 1379 1216 1444 detrimentum

103 1483 220 1563 capiat
228 1481 432 1563 jurisdictio
446 1482 564 1545 civilis
582 1483 642 1547 vel
661 1483 846 1564 publicum
863 1485 1056 1548 aerarium.

185 1588 239 1652 Ex
256 1593 341 1654 tunc
355 1590 527 1670 temporis
540 1589 728 1672 Principes
742 1609 786 1655 ac
802 1590 968 1674 Supremi
982 1591 1216 1674 Magistratus

106 1705 312 1759 novatorum
330 1694 515 1760 doctrinas
547 1697 811 1779 amplectentes
827 1698 896 1762 sibi
914 1705 1134 1780 arrogarent
1156 1699 1217 1781 jus

104 1817 224 1864 sacras
239 1801 484 1866 immunitates
501 1806 611 1885 atque
636 1803 890 1868 ecclesiastica
922 1805 1117 1887 privilegia
1151 1823 1216 1870 suo

19 1945 20 1950 κ
106 1906 214 1970 lubitu
230 1911 265 1971 et
279 1907 430 1989 propria
447 1910 665 1974 auctoritate
695 1909 974 1992 interpretandi,
1004 1911 1217 1976 immutandi

19 2027 20 2044 ¹
108 2013 163 2076 val
180 2013 387 2096 abrogandi,
403 2015 566 2080 inaudita
583 2033 732 2098 prorsus
750 2015 926 2100 Ecclesia,
942 2035 1047 2100 quae,
1075 2023 1216 2100 specta-

109 2119 280 2184 tisrerum
311 2119 505 2202 adjunctis,
541 2122 827 2187 modificationes
859 2141 980 2187 novae
1013 2127 1217 2206 temporum

108 2225 294 2290 conditioni
307 2227 601 2292 accommodatas
619 2229 655 2292 in
669 2229 729 2310 jus
759 2230 945 2312 antiquum
963 2229 1087 2311 utique
1117 2229 1218 2294 indn-

108 2331 224 2396 timeat.

190 2437 240 2502 En
276 2438 455 2522 quomodo
489 2437 621 2505 Clerici
653 2439 882 2505 devenerunt
915 2439 1089 2504 tribunali
1122 2439 1217 2504 laico

109 2545 262 2628 subJecti,
277 2547 428 2610 militiae
445 2547 621 2630 adscripti
638 2553 674 2610 et
689 2548 771 2628 jure
806 2547 987 2611 communi
1005 2546 1167 2628 obligati,
1183 2552 1220 2611 et

110 2649 138 2712 si
154 2653 288 2732 quando
306 2653 352 2718 ab
376 2653 545 2718 oneribus
562 2654 716 2736 publicis
734 2653 940 2717 eximuntur
970 2653 1007 2716 in
1036 2653 1138 2717 civili
1170 2653 1217 2718 le·

112 2759 303 2841 gislatione,
322 2777 447 2824 omnes
479 2761 642 2842 perfecte
666 2761 785 2825 sciunt
813 2760 990 2842 ejusmodi
1019 2762 1217 2843 exemptio·

114 2879 184 2929 nem
199 2867 285 2948 ipsis
301 2867 480 2948 impertiri
494 2885 566 2930 non
579 2867 616 2931 in
629 2867 878 2931 reverentiam
891 2871 1008 2930 status
1023 2867 1218 2946 clericalis,

113 2970 170 3034 sed
183 2971 226 3036 ad
256 2973 339 3038 illos
358 2971 536 3037 arcendos
554 2991 576 3037 a
594 2973 741 3054 publica
758 2973 986 3054 negotiorum
1020 2973 1219 3036 directione

114 3079 299 3143 etsalutari
315 3079 578 3143 insacietatem
595 3079 745 3143 influxu.
764 3079 819 3142 En
833 3079 1011 3161 quomodo
1042 3079 1138 3142 bona
1155 3077 1220 3141 Ec·

113 3182 233 3248 clesiao
248 3185 394 3250 tributis
408 3203 678 3268 nonnumquam
692 3185 825 3250 odiosis
839 3189 876 3249 et
888 3185 1119 3266 gravioribus
1136 3200 1219 3246 one·

116 3294 183 3353 rata
198 3297 293 3372 sunt,
311 3291 500 3356 Ecclesiae
519 3292 695 3373 violatae,
713 3292 795 3355 loca
813 3291 984 3372 religiosa
1009 3289 1217 3372 profanata,

112 3393 161 3472 jus
175 3399 265 3478 asyli
294 3397 483 3478 abolitum,
503 3398 693 3480 omnisque
722 3397 777 3461 rei
806 3413 935 3460 sacrae
964 3395 1218 3460 secularitatio

117 3502 319 3578 pedetentim
334 3509 597 3586 consummata,
613 3503 664 3566 ita
677 3510 716 3567 ut
729 3520 797 3567 nec
810 3503 904 3568 levis
921 3502 1065 3585 quidem
1079 3503 1221 3584 species

117 3607 228 3672 relicta
239 3610 287 3674 sit
300 3613 365 3673 aut
377 3611 442 3674 vix
460 3609 655 3692 vestigium
670 3608 817 3692 aliquod
835 3613 1024 3673 remaneat
1048 3608 1145 3674 illius
1159 3627 1221 3672 an-

118 3709 222 3794 tiquae
238 3715 492 3797 immunitatis,
511 3733 606 3798 quae
623 3719 751 3796 aperto
769 3714 974 3778 testimonio
1000 3714 1220 3796 Principum,

119 3820 259 3885 unanimi
274 3821 495 3886 Traditionis
513 3838 692 3885 consensu
723 3837 767 3884 ao
795 3825 849 3884 tot
864 3821 1092 3886 saeculorum
1117 3837 1221 3901 prae·

116 3924 297 4007 scriptione
313 3927 456 3992 sancita
468 3932 505 3992 et
521 3931 738 3992 consecrata
756 3929 849 3990 erat.

191 4030 243 4098 27.
290 4033 496 4117 Antequam
525 4032 702 4116 originem
725 4031 922 4118 juridicam
951 4028 1222 4094 Immunitatum

117 4131 335 4219 inquiramus,
354 4143 465 4222 atque
488 4138 654 4204 diversas
683 4139 885 4221 opiniones,
904 4154 999 4220 quae
1028 4135 1097 4200 hac
1113 4153 1223 4218 super

119 4245 355 4312 controversia
371 4245 468 4328 apud
486 4246 696 4311 canonistas
713 4245 853 4328 vigent,
872 4243 1133 4326 expendamus,
1152 4241 1225 4305 tria
