3028 4992
795 369 973 430 402-

411 515 463 580 1.ο
509 513 638 596 Quoad
654 515 927 580 concessionem
940 519 1133 594 terrarum,
1148 529 1239 595 quas
1252 509 1285 577 S.
1298 511 1371 577 Leo
1386 511 1445 576 IX

318 620 538 688 Normannis
551 623 588 688 in
605 621 777 689 Calabria
794 627 831 685 et
846 619 971 686 Sicilia
988 619 1153 702 donavit,
1171 620 1202 684 si
1219 620 1301 682 illas
1314 620 1352 682 in
1365 617 1445 682 bel-

319 727 355 792 lo
374 734 502 792 contra
532 728 736 794 Saracenos
753 733 789 792 et
807 725 968 792 Graecos
997 731 1167 808 suscepto
1191 725 1445 808 acquisierint,

320 837 616 904 animadvertere
633 842 778 920 oportet
794 853 841 900 ex
858 837 932 900 alia
949 841 1055 919 parte
1087 834 1290 900 Saracenos
1308 833 1448 912 injuste

320 960 521 1026 occupasse
540 961 586 1008 ac
602 943 797 1008 retinuisse
812 942 972 1008 Siciliam
988 949 1025 1006 et
1048 946 1166 1006 terras
1189 941 1331 1023 aliquas
1350 937 1447 1004 Con·

321 1049 620 1132 tinentisltalici,
639 1049 792 1132 ideoque
804 1049 1042 1131 justissimum
1077 1054 1158 1112 erat
1188 1047 1323 1112 bellum
1355 1044 1448 1109 Nor·

321 1173 549 1237 marmorum,
568 1157 628 1240 qui
645 1157 812 1238 regiones
826 1162 863 1220 et
881 1154 1247 1220 insulaschristianas
1258 1154 1305 1218 ab
1318 1151 1446 1216 infide-

322 1263 409 1326 lium
419 1263 509 1344 jugo
525 1263 717 1328 liberanda
728 1262 990 1344 suscipiebant;
1005 1279 1052 1326 ex
1074 1261 1149 1326 alia
1166 1277 1256 1324 vero
1281 1257 1447 1324 Graecos

321 1385 478 1450 quoque,
499 1369 545 1433 ob
573 1369 723 1434 insidias
752 1385 844 1450 quas
871 1369 1042 1432 continuo
1074 1367 1109 1430 in
1141 1365 1251 1430 Italia
1281 1364 1450 1429 inferiori

321 1473 576 1554 moliebantur,
591 1475 690 1555 Justo
707 1474 802 1538 bello
821 1474 1026 1556 oppugnari
1039 1489 1158 1554 posse:
1185 1488 1232 1536 ex
1249 1487 1320 1553 quo
1346 1471 1448 1535 colli·

321 1582 419 1662 gitur
435 1580 635 1645 Romanum
651 1581 861 1646 Pontificem
875 1582 911 1644 in
929 1583 998 1644 hac
1030 1580 1268 1644 concessione
1301 1587 1445 1642 tantum

321 1686 421 1768 loqui
439 1685 484 1750 de
501 1687 609 1750 terris
623 1685 718 1751 bello
732 1687 893 1768 legitimo
907 1685 1146 1768 occupandis,
1161 1691 1198 1749 et
1210 1683 1241 1749 N
1244 1685 1446 1763 ermannis,

321 1791 383 1873 qni
401 1790 605 1856 devotionis
627 1809 739 1856 causa
757 1809 820 1856 eas
835 1791 949 1856 Beato
968 1791 1075 1856 Petro
1097 1791 1317 1872 obtulerant,
1338 1791 1445 1855 titulo

321 1897 421 1962 leudi
438 1897 580 1962 traditis
597 1907 634 1962 et
647 1899 837 1963 restitutis.

410 2001 462 2067 29
508 2003 688 2086 Respecto
718 2005 765 2070 ad
802 2003 1016 2069 Hiberniam
1049 2003 1178 2069 eadem
1211 2003 1445 2068 ratiocinatio

320 2110 441 2174 locum
458 2111 609 2175 obtinet:
638 2111 786 2175 saeculo
799 2109 851 2176 XI
865 2109 1053 2174 dimidiato
1067 2111 1104 2174 in
1116 2109 1187 2174 hac
1202 2109 1446 2174 celeberrima

320 2215 458 2297 Insula,
477 2217 509 2280 si
525 2215 698 2281 veridicis
715 2217 812 2281 illius
824 2216 981 2281 infelicis
998 2219 1118 2298 gentis
1135 2215 1320 2282 historicis
1345 2221 1444 2278 stan·
1509 2267 1510 2276 ,

321 2322 407 2387 dum
423 2324 482 2403 sit,
498 2323 619 2388 omnia
634 2341 694 2388 sus
711 2322 828 2406 deque
842 2324 1081 2388 vertebantur
1101 2330 1176 2386 tum
1192 2323 1229 2386 in
1244 2321 1374 2387 ordine
1393 2337 1446 2385 re·
1509 2351 1510 2388 r

321 2429 451 2511 ligioso
484 2435 521 2492 et
551 2429 813 2510 ecclesiastico,
832 2435 907 2494 tum
939 2429 977 2494 in
1009 2427 1136 2494 ordine
1154 2429 1303 2511 politico
1322 2445 1371 2493 ac
1394 2444 1446 2491 so·
1509 2391 1510 2459 ¹

321 2534 420 2614 ciali;
454 2533 583 2616 religio
607 2535 864 2600 inveniebatur
887 2535 1058 2616 neglecta
1090 2535 1153 2600 vel
1192 2533 1443 2612 inobservatas

321 2640 557 2721 monasteria,
572 2645 664 2704 teste
678 2639 714 2704 S.
733 2639 932 2722 Bernardo,
947 2658 970 2704 a
987 2639 1092 2704 laicis
1110 2645 1303 2723 occupata;
1323 2639 1445 2704 cathe·

321 2743 411 2807 drae
428 2743 606 2826 quaedam
623 2745 852 2828 episcopales
878 2745 1149 2811 haereditariae
1166 2747 1303 2827 iactae,
1323 2752 1364 2810 ut
1381 2747 1443 2809 Ar-

323 2867 490 2930 macana,
505 2867 599 2932 quae
617 2869 639 2914 a
657 2852 857 2916 biscentum
874 2853 980 2918 annis
993 2853 1040 2918 ab
1053 2853 1183 2918 eadem
1210 2852 1355 2918 familia
1387 2851 1442 2915 de·

322 2957 507 3021 tinebatur
524 2959 585 3038 (1);
605 2959 728 3039 plures
745 2959 841 3024 aliae
858 2959 964 3026 sedes
980 2961 1200 3026 arbitrariae
1217 2967 1369 3026 erectae
1385 2958 1442 3023 vel
1508 3017 1509 3020 ,

320 3077 553 3144 suppressam
572 3063 691 3128 clerus
708 3064 917 3146 ignorantia
944 3083 1033 3132 vere
1065 3066 1198 3149 supina
1231 3065 1439 3136 obvolutus:

321 3169 477 3252 populus
494 3169 729 3252 corruptione
741 3189 879 3236 morum
910 3173 1149 3255 depravatum
1168 3171 1358 3255 principes
1383 3169 1440 3254 qui

322 3276 426 3341 ritulo
443 3276 544 3357 regio
566 3275 602 3340 in
620 3275 689 3340 hac
701 3278 861 3342 inlausta
877 3277 996 3342 insula
1008 3283 1094 3344 tunc
1125 3281 1302 3362 temporis
1331 3280 1445 3361 impe·

321 3382 466 3462 rabant,
484 3381 594 3461 bello,
610 3381 894 3448 dissensionibus
911 3389 1021 3467 atque
1034 3385 1209 3452 caedibus
1225 3385 1444 3468 frequentis-

320 3487 412 3552 sime
424 3487 520 3552 inter
532 3503 572 3552 se
586 3488 861 3553 contendentes.

409 3591 492 3656 Jam
505 3609 607 3673 vero,
625 3594 662 3657 in
679 3593 748 3658 hac
764 3593 930 3660 luctuosa
947 3611 1069 3662 rerum
1087 3597 1296 3663 conditione
1313 3595 1441 3662 Henri·

321 3713 385 3762 cue
402 3697 437 3762 II
453 3715 520 3762 rex
536 3699 691 3780 Angliae
706 3705 743 3764 et
769 3701 906 3782 primus
934 3702 1128 3785 dynastiae
1157 3703 1439 3788 Plantageneta-

322 3837 481 3848 t--t--u--q

391 3929 429 3992 (l)
465 3928 622 3995 Scriptores
634 3927 711 3982 illius
729 3931 876 3982 ominosas
888 3931 992 3984 aetatis
1003 3937 1122 3987 narrant
1134 3933 1161 3988 S.
1188 3931 1364 3988 Malachiam
1385 3934 1437 3999 epi·

320 4013 439 4066 scopum
452 3999 701 4066 Conneretensem,
713 3999 750 4052 sd
763 4001 865 4054 Sedem
879 4001 1069 4057 Armacanam
1082 4006 1215 4070 electum,
1228 4007 1315 4072 longo
1333 4011 1438 4071 tempo·

321 4071 361 4120 rin
373 4071 465 4121 tractu
477 4085 540 4122 eam
553 4069 698 4136 possidere
710 4070 788 4122 haud
801 4073 937 4138 potuisse,
950 4075 1047 4140 quiea
1070 4075 1214 4143 Mauritio,
1228 4075 1437 4144 praedecessori

321 4141 481 4205 propinquo
504 4139 704 4208 occupabatur,
724 4142 773 4208 qni
797 4143 940 4209 equidem,
953 4149 985 4197 nt
1008 4145 1107 4211 iertnr,
1126 4147 1295 4215 hujusmodl
1317 4147 1437 4200 abusum

321 4211 577 4334 ffuffiffifflorte
588 4227 641 4264 soa
652 4214 847 4280 episcopatum
860 4215 942 4268 alteri
954 4217 1069 4286 legavit,
1083 4219 1171 4272 veluti
1181 4225 1315 4274 essetne·
1326 4218 1436 4287 proprie
