3028 4992
767 377 944 438 ...368-

292 523 491 590 nationalis
508 521 745 604 ingrediatur,
765 521 944 605 quaedam
960 520 1186 587 conditiones
1203 523 1417 587 necessario

294 631 542 713 requiruntur:
559 627 588 708 ⁸)
606 633 645 694 nt
662 645 793 711 reapse
811 629 946 694 existat
969 626 1090 693 Status
1109 627 1244 710 triplici
1259 627 1423 694 elemen-

293 741 330 802 to
362 735 551 802 essentiali
587 735 794 816 conflatum,
825 735 1005 814 nimirum,
1031 734 1229 816 personali,
1255 735 1349 798 reali
1381 741 1422 799 et

294 843 452 924 formali,
471 860 535 908 seu
553 843 819 925 aggrupatione
835 841 1031 922 hominum,
1045 841 1230 906 territorio
1247 841 1420 906 determi-

294 955 380 1014 nato
415 953 526 1030 atque
557 965 729 1030 suprema
759 943 1256 1029 auctoritatesocia113b)ut
1282 947 1421 1032 sactum
1510 941 1511 944 ’

293 1054 545 1120 tantummodo
563 1059 796 1136 agnoscatur,
814 1071 944 1136 nempe
961 1053 1157 1119 existentia
1174 1052 1262 1118 novi
1279 1053 1419 1132 Status,

295 1161 375 1226 sive
393 1179 439 1226 ex
456 1161 740 1244 expugnatione,
755 1161 834 1225 sive
851 1177 898 1224 ex
914 1160 1154 1242 sejunctione,
1169 1160 1249 1224 sive
1265 1177 1311 1224 ex
1329 1178 1421 1242 qua-

296 1285 450 1350 cumque
468 1267 543 1332 alia
572 1283 684 1332 causa
700 1273 818 1332 ortum
846 1267 1002 1347 duxerit,
1021 1267 1108 1348 quin
1132 1272 1255 1330 tamen
1272 1265 1419 1348 praeju-

296 1375 519 1462 diceturjua,
538 1372 574 1438 id
591 1377 658 1454 est,
678 1375 763 1456 quin
780 1373 982 1456 recognitio
1001 1389 1125 1438 secum
1141 1371 1314 1455 importet
1330 1371 1422 1455 legi·
1511 1450 1512 1464 χ

296 1481 488 1546 timitatem
521 1478 733 1562 mediorum,
752 1479 881 1562 quibus
913 1497 997 1544 usus
1028 1483 1085 1543 est
1110 1475 1232 1544 Status
1260 1477 1308 1542 ad
1325 1495 1422 1570 ¹sese

295 1586 600 1666 constituendum;
619 1586 645 1668 c)
662 1589 702 1650 ut
726 1585 926 1650 declaratio
954 1585 1150 1668 agnitionis
1174 1589 1340 1666 tempore
1357 1602 1423 1667 op·

295 1699 451 1776 portuno
470 1693 547 1774 flat,
566 1693 721 1774 scilicet,
740 1709 820 1756 cum
831 1693 1044 1774 jamfinitae
1061 1692 1134 1756 sint
1150 1693 1420 1774 contentionem

296 1817 343 1864 ex
362 1800 491 1882 quibus
521 1799 658 1881 pendet
675 1799 776 1880 origo
794 1805 904 1882 atque
931 1799 1101 1864 formatio
1130 1797 1252 1864 Status
1269 1800 1353 1881 jura
1369 1800 1422 1864 in·

296 1905 557 1970 ternationalia
583 1905 803 1984 invocantis;
825 1923 871 1970 ex
898 1905 1041 1970 deiectu
1070 1905 1176 1986 hujus
1200 1905 1422 1970 conditionis
1512 1974 1513 1986 ,

296 2013 491 2078 aestimata
517 2017 572 2075 est
602 2011 699 2092 apud
726 2011 978 2093 diplomaticos
1008 2009 1257 2091 anti-jnridica
1285 2012 1423 2092 agendi
1512 2067 1513 2092 2

296 2119 391 2184 ratio
411 2117 567 2198 Galliae,
586 2135 666 2181 cum
684 2117 989 2200 independentiae
1007 2117 1159 2182 Unionis
1176 2117 1422 2183 Americanae
1512 2101 1513 2116 ἶ

297 2225 474 2289 assentite
502 2229 570 2304 est,
591 2223 749 2288 nondum
765 2224 885 2288 soluta
902 2223 1154 2288 controversia
1171 2224 1266 2288 inter
1294 2223 1422 2290 Status

296 2329 573 2396 Foederationis
604 2334 642 2393 et
669 2329 838 2412 Angliam
868 2325 1070 2411 vigente;‘¹)
1099 2334 1138 2394 ut
1166 2331 1337 2412 praefata
1366 2349 1423 2395 re·

296 2437 456 2520 cognitio
475 2454 496 2500 a
526 2437 747 2517 competenti
770 2437 988 2500 auctoritate
1006 2437 1271 2518 proficiscatur,
1291 2436 1422 2502 videli-

296 2549 367 2621 cet,
397 2561 419 2606 u
451 2542 629 2606 societate
661 2541 949 2624 internetionali,
979 2543 1037 2608 cui
1069 2547 1210 2608 tantum
1243 2543 1423 2608 incumbit

297 2649 554 2713 admissionem
574 2647 785 2729 decernere,
804 2650 908 2712 etita
926 2666 1061 2713 novum
1087 2647 1228 2714 Statum
1244 2649 1421 2716 firmitate

293 2755 452 2837 juridica
470 2754 567 2836 apud
585 2761 752 2820 caeteras
769 2761 896 2837 gentes
913 2757 1065 2821 munire.

386 2861 441 2924 39.
490 2861 1422 2943 Praeterjusexistentiae,Statusvelutiindividua

296 2966 473 3031 facultate
491 2967 632 3048 pollent
662 2969 849 3050 propriam
875 2969 990 3033 vitam
1018 2968 1143 3034 tuendi
1166 2973 1278 3052 atque
1306 2991 1421 3037 uasor-

296 3075 416 3155 vaudi,
435 3073 589 3157 ideoque
605 3073 693 3156 ipsis
706 3075 888 3157 integrum
912 3075 982 3140 erit
999 3091 1190 3141 removere
1217 3079 1341 3142 omnia
1359 3095 1421 3160 pe·

296 3181 427 3264 ricula,
462 3181 583 3246 vitare
612 3199 858 3264 quoscumque
880 3183 1048 3265 impetus,
1062 3199 1206 3247 necnon
1236 3185 1421 3266 repellere

297 3288 499 3352 exteriores
514 3287 737 3368 invasiones,
756 3305 850 3370 quae
866 3306 991 3353 eorum
1008 3288 1241 3353 existentiam
1257 3307 1302 3354 ac
1335 3307 1419 3356 con·

296 3395 545 3460 servationem
558 3393 708 3458 laedere
725 3395 785 3460 vel
812 3395 850 3459 in
866 3395 1061 3460 discrimen
1088 3393 1239 3460 evidens
1264 3401 1329 3460 aut
1356 3397 1421 3462 im·

297 3501 437 3566 minens
455 3504 604 3565 vertere
621 3501 773 3582 possint:
793 3501 877 3566 hinc
894 3501 932 3566 in
944 3502 1000 3566 sui
1017 3501 1168 3566 tutelam
1180 3507 1217 3566 et
1244 3503 1421 3568 securita-

297 3612 370 3672 tem
401 3607 537 3689 optimo
568 3607 651 3688 jnre
690 3608 872 3672 exercitus
910 3613 1106 3673 terrestres
1146 3611 1182 3672 et
1217 3609 1422 3676 maritimos

298 3713 516 3794 organizare
534 3729 579 3776 ac
595 3713 754 3778 retinere
771 3713 910 3795 valent,
925 3731 1030 3778 arces
1047 3719 1085 3779 et
1109 3719 1234 3782 castra
1261 3715 1420 3800 erigere,

298 3819 517 3884 munitiones
555 3821 665 3902 atque
701 3821 978 3902 propugnacula
1009 3825 1235 3906 construere,
1267 3825 1423 3890 foedera

298 3925 482 3991 offensiva
512 3927 549 3988 et
565 3924 757 3992 defensiva
774 3927 879 4009 inire,
898 3929 1116 4011 summatim,
1135 3937 1267 3997 cuncta
1299 3932 1421 3998 media

298 4036 558 4110 consentanea,
577 4031 755 4115 efficacia,
769 4037 806 4097 et
817 4035 1025 4100 necessario
1038 4037 1206 4102 tutamini
1221 4041 1421 4122 rectaeque

298 4136 486 4202 custodiae
518 4135 727 4221 adaequata
756 4139 943 4222 adhibere,
978 4141 1169 4208 dummodo
1198 4142 1426 4226 impleantur

298 4240 538 4324 conditiones,
553 4259 644 4326 quas
657 4243 679 4310 J
683 4262 723 4310 us
739 4245 915 4312 Naturale
930 4245 979 4311 ad
1007 4245 1210 4331 legitimam
1240 4249 1420 4316 detensio-
