3038 4994
550 381 732 440 -215-

166 524 240 588 122.
290 523 379 590 Cum
395 543 484 590 vero
498 526 662 590 nonnulli
680 526 726 590 ad
753 526 877 606 robur,
912 525 1121 590 firmitatem
1150 530 1202 590 at-

91 644 149 710 que
163 630 483 714 independentiam
500 632 620 697 civilis
638 632 868 713 Principatus
885 632 1120 697 inficiandum
1138 637 1203 696 sut
1264 651 1267 658 ·

91 733 317 817 frangendam
334 739 371 802 in
388 737 544 802 medium
562 738 700 802 afferre
717 738 836 802 solent
869 745 1122 819 argumentum
1157 756 1203 802 ex

89 839 235 906 Romano
254 843 454 908 Patriciatu
467 844 613 924 regibus
630 843 856 908 Francorum
874 844 1008 908 collato
1028 849 1139 926 atque
1156 862 1203 908 ex

88 945 262 1028 imperiali
279 949 468 1031 Dignitate
485 947 615 1014 (larolo
633 949 766 1031 Magno
799 967 987 1030 concessa,
1008 950 1199 1014 ostenden·

89 1050 159 1116 dum
175 1061 344 1136 superest
360 1056 451 1120 haec
470 1056 539 1120 duo
553 1057 654 1120 facta
668 1056 873 1137 integritati
891 1054 1051 1119 Dominii
1083 1055 1201 1120 Ponti·

88 1157 275 1243 floiiatque
306 1163 553 1243 suprematiae
586 1162 779 1244 potestatis
811 1161 1023 1243 temporalis
1057 1161 1202 1226 minime
1242 1157 1247 1168 '

88 1263 236 1332 officere.
913 1320 917 1336 .

163 1372 234 1438 1199
247 1379 437 1455 comperta
453 1379 508 1438 est
537 1373 719 1440 Summum
739 1373 951 1438 Pontificem
980 1373 1221 1456 Stephanum

86 1475 115 1540 ll
131 1477 277 1544 Parisiis
295 1480 339 1544 V.
358 1481 436 1544 kal.
453 1481 607 1562 Augusti
624 1481 789 1563 Pipinum
808 1497 942 1562 magna
972 1479 1203 1544 solemnitate

86 1581 300 1650 Francorum
313 1604 436 1668 regem
451 1592 487 1650 et
497 1589 732 1652 Romanorum
741 1589 935 1652 Patricium
951 1603 1200 1668 consecrasse,

87 1693 185 1772 atque
198 1693 344 1757 eosdem
364 1693 487 1757 titulos
500 1695 581 1775 pari
599 1695 829 1758 solemnitate
847 1694 1046 1758 contulisse
1064 1691 1202 1758 duobus

87 1796 154 1875 cjus
167 1798 250 1864 filiis
268 1797 399 1864 Oarolo
416 1805 453 1862 et
470 1797 751 1880 carolomanno;
771 1800 1002 1880 exploratum
1020 1801 1128 1864 etiam
1148 1801 1203 1864 est

86 1899 116 1964 S.
131 1901 288 1970 Leonem
304 1904 358 1970 lIl
376 1904 526 1970 Sacrum
544 1905 744 1970 Romanum
768 1905 965 1987 Imperium
983 1907 1019 1970 in
1044 1923 1202 1986 persona

88 2004 199 2074 (laroli
215 2011 340 2092 Magni
354 2029 449 2076 anno
466 2011 534 2076 800
546 2017 786 2092 restaurassc3
806 2011 959 2076 sednon
977 2011 1094 2074 minus
1125 2029 1201 2074 cer-

87 2121 152 2178 tum
164 2123 273 2198 atque
286 2118 529 2182 indubitatum
546 2118 752 2182 habendum
771 2125 826 2182 est
843 2119 1117 2182 concessionem
1134 2117 1200 2180 Ro·

87 2222 174 2284 mani
191 2222 409 2288 Patriciatus
426 2231 463 2288 91
475 2225 777 2290 instaurationem
796 2223 994 2306 Dignitatis
1023 2223 1197 2304 Imperia-

87 2323 124 2388 lis
138 2327 173 2390 in
187 2325 385 2394 Occidente
399 2330 498 2394 nullo
517 2336 625 2412 pacto
645 2331 803 2396 violasse
818 2336 881 2394 aut
898 2329 1120 2394 imminuisse
1141 2330 1201 2409 Jus

87 2429 320 2502 Romanorum
338 2437 565 2502 Pontificum.

166 2541 214 2606 1.⁰
261 2542 389 2624 Quoad
407 2547 651 2625 Patriciatam,
671 2546 760 2610 satis
792 2547 840 2610 sit
872 2563 954 2612 cum
987 2543 1129 2609 erudito
1159 2543 1199 2607 P.

86 2645 233 2732 losepho
252 2649 446 2734 Brunengo
479 2651 515 2718 S.
533 2652 567 2716 J.
589 2652 636 2734 (l)
654 2653 961 2718 animadvertere:
996 2650 1024 2731 ⁸)
1058 2651 1202 2715 titulum

90 2809 237 2824 Q—

86 2923 221 2987 cpereDu
240 2923 418 2993 Pupe‚cujus
430 2923 520 2978 verba
544 2927 572 2977 in
595 2929 693 2976 nostra
715 2927 812 2992 lingua
836 2927 1006 2993 proferimus
1020 2925 1202 2978 extersione

87 2991 224 3060 hispanica
237 2995 306 3048 anni
321 2997 389 3048 1824
405 2997 564 3063 desumpta:
582 2996 641 3048 «No
654 2995 710 3062 hay
723 3012 760 3049 en
772 2998 840 3049 toda
853 2999 967 3063 Europa
981 3011 1037 3048 una
1049 2996 1202 3049 soberanla
1257 3031 1261 3038 -

87 3063 141 3116 aas
151 3067 320 3132 irutificada,
334 3067 358 3119 si
372 3083 403 3120 99
416 3068 536 3134 permite
550 3067 654 3119 decirlo
665 3067 715 3132 ssi,
729 3083 784 3134 que
803 3069 878 3121 lade
902 3071 944 3120 199
970 3067 1071 3118 Sunros
1086 3066 1201 3118 Pontifi-

87 3147 134 3186 ces:
148 3137 178 3189 ds
191 3140 218 3190 la
232 3139 295 3190 cual
308 3138 400 3204 pueda
413 3138 522 3190 decirse
536 3153 617 3190 como
637 3138 673 3188 (19
685 3138 713 3189 19
725 3139 771 3204 ley
783 3139 881 3192 divina
888 3137 1045 3206 justificata
1057 3137 1087 3188 in
1111 3139 1202 3189 amart-

85 3202 147 3270 t'psu.
167 3207 240 3262 Pero
254 3211 282 3261 lo
297 3224 353 3274 que
366 3209 423 3275 hay
437 3225 494 3261 aun
507 3210 543 3261 de
557 3209 618 3261 nias
632 3209 798 3274 admirable,
812 3225 843 3262 99
855 3226 903 3264 ver
916 3223 971 3276 que
984 3209 1026 3260 los
1041 3211 1130 3274 Papae
1144 3207 1202 3259 ban

87 3275 185 3342 llegsdo
197 3279 215 3332 l
227 3296 275 3334 ser
293 3279 461 3348 Sobaranos¹
474 3281 519 3332 sin
541 3280 715 3348 apercibirse
728 3281 764 3332 de
777 3282 832 3334 ello
845 3298 862 3347 y
876 3286 932 3334 aun
946 3284 1044 3331 contra
1057 3293 1092 3330 su
1105 3280 1201 3330 volun-

87 3348 137 3398 tsd.
149 3349 263 3418 Ucaley
277 3351 411 3404 invisible
424 3351 542 3404 elevaba
555 3352 582 3402 la
595 3351 664 3403 Silla
687 3351 723 3403 (19
737 3351 837 3414 Rorna3
850 3369 868 3418 y
882 3351 974 3418 praede
985 3349 1095 3402 decirse
1107 3365 1163 3415 que
1175 3351 1202 3402 91

87 3415 147 3471 Jore
156 3422 189 3474 de
201 3424 229 3474 la
241 3423 347 3489 lglesia
359 3422 511 3475 Universal
523 3423 605 3474 nacio'
619 3422 770 3475 Sobarano.
786 3422 839 3475 Del
853 3423 967 3474 cadalao
980 3420 1016 3472 de
1040 3421 1084 3472 199
1107 3419 1201 3472 marti·

87 3501 128 3542 tas
139 3495 231 3546 montd
244 3494 329 3546 sobre
342 3509 381 3546 99
394 3498 477 3546 trono
489 3509 545 3560 que
557 3500 693 3546 entcnces
706 3509 814 3560 apenas
826 3509 858 3546 99
872 3492 1007 3560 peremta,
1021 3506 1086 3559 pero
1099 3507 1154 3557 que
1168 3507 1200 3544 99

88 3563 259 3617 consolidabo
272 3563 535 3624 inserrsiblemente,
546 3579 626 3617 corno
639 3564 721 3617 rodas
732 3566 774 3617 199
785 3578 866 3617 99999
876 3563 1006 3629 grandes;
1017 3579 1035 3628 y
1046 3577 1101 3628 que
1113 3563 1201 3615 desde

87 3643 117 3682 99
129 3633 244 3698 primore
256 3636 330 3688 adad
343 3635 504 3687 enunciaba
515 3649 552 3701 ys
563 3651 620 3688 una
632 3637 719 3688 cierta
729 3636 883 3688 atmdsfsra
892 3635 928 3688 de
940 3633 1091 3701 grandosa,
1104 3649 1161 3700 que
1171 3635 1199 3686 lo

87 3703 207 3773 redeam,
220 3707 266 3760 ain
280 3721 336 3774 qne
349 3707 467 3776 pudicae
490 3707 642 3760 atribuirsc
655 3706 672 3758 1
685 3722 772 3759 causa
784 3708 889 3772 alguna
910 3707 1045 3758 humans.
1058 3705 1092 3757 El
1107 3705 1201 3758 Ponti-

89 3771 135 3826 tce
147 3773 269 3830 Romano
279 3776 446 3830 necesitaba
456 3779 594 3844 riquezas‚
608 3793 625 3843 y
638 3777 835 3832 991999999199
860 3794 896 3830 en
910 3791 960 3830 sus
973 3791 1081 3828 manos:
1095 3777 1200 3828 necesi-

88 3843 148 3896 taba
158 3847 192 3900 de
204 3847 362 3914 brillantea,
375 3865 392 3914 y
407 3863 445 3902 nn
458 3851 545 3901 cierto
558 3849 712 3915 esptendor
730 3848 956 3902 extraordinario
975 3847 1047 3900 salia
1059 3847 1106 3898 del
1117 3851 1202 3899 trono

88 3912 121 3966 dc
132 3914 184 3970 San
196 3917 298 3986 Pedro‚
310 3935 346 3972 en
359 3919 496 3972 terminos
508 3935 564 3986 que
574 3935 610 3985 ya
623 3921 695 3972 9991
712 3921 785 3988 siglo
806 3920 858 3986 IV,
868 3935 959 3986 segun
983 3919 1010 3972 91
1036 3916 1201 3970 testimonio

88 3984 121 4037 de
132 3985 183 4040 San
196 3989 214 4044 J
216 3991 352 4058 cronium,
365 4006 423 4042 uno
435 3989 472 4042 de
496 3991 540 4042 199
563 3989 625 4042 mas
639 3989 762 4056 grandes
779 3993 946 4058 personajes
971 3989 1007 4042 de
1020 3989 1119 4053 Roma,
1134 3987 1201 4040 Pre-

88 4053 235 4113 19999919
249 4062 361 4126 919999,
374 4061 455 4114 decia
468 4075 505 4113 an
517 4065 586 4114 tono
596 4062 633 4114 ds
643 4061 731 4115 burla:
743 4061 938 4128 prometedme
949 4060 1083 4114 hacerme
1093 4057 1201 4126 Obispo

89 4126 121 4179 ds
129 4127 221 4196 119999,
233 4149 252 4198 y
265 4133 354 4186 deado
366 4133 450 4200 luego
463 4145 517 4198 roy
529 4131 545 4184 (1
558 4132 692 4186 haccrme
704 4133 863 4186 cristiano.»
878 4131 942 4184 Lib.
954 4131 992 4198 11,
1001 4146 1063 4200 cap.
1078 4131 1130 4186 Vl.

143 4203 186 4324 l(sl)
220 4201 371 4272 Lacrigirrr'
382 4201 454 4256 detta
465 4199 607 4256 uacatio
628 4201 671 4256 dci
682 4201 764 4272 Papi.
782 4203 857 4258 Part.
880 4203 904 4267 1,
917 4201 1025 4270 99991
1049 4207 1078 4256 91
1090 4202 1128 4271 11,
1149 4202 1201 4254 Ro·

89 4281 131 4320 nra
174 4276 214 4326 91.
