3028 4992
550 375 730 433 -395-

92 515 219 593 juribus
232 517 565 584 fundamentalibus
580 517 811 582 autonomiae
829 516 1203 599 acindepandentiae,

94 638 175 702 quae
192 626 331 696 cunctis
347 626 554 712 nationibus
571 626 774 705 inhaerent,
792 633 865 688 tum
884 641 930 688 ex
948 624 1026 705 ipso
1045 624 1204 686 naturali

93 727 259 811 principio
273 732 501 810 socialitatis,
517 731 613 814 quod
626 731 749 796 Status
762 731 855 795 sicut
868 731 1029 810 singulos
1040 731 1204 792 homines

92 838 266 917 compellit
311 839 358 902 ad
392 856 563 921 magnam
595 839 895 902 consotiationem
923 835 1201 915 efformandam,

13 1023 15 1042 ‚
92 940 262 1024 etiamque
279 951 440 1010 mutuam
474 946 690 1028 populorum
708 945 1000 1026 conjunctionem
1027 941 1204 1008 institutis

91 1052 331 1116 communibus
348 1069 395 1116 ex
413 1069 594 1116 consensu
625 1053 893 1134 emergentibus
917 1049 1113 1113 firmiorem
1131 1053 1202 1111 sta-

13 1155 15 1164 ’
92 1150 320 1241 bilioremque
333 1159 566 1223 reddendam.

13 1347 14 1352 ἵ
169 1261 234 1327 Jns
252 1265 401 1346 insuper
415 1265 609 1347 legationis
626 1266 736 1330 active
752 1263 812 1328 vel
820 1265 962 1348 passive
980 1261 1203 1327 considerari

13 1359 15 1396 ³
92 1365 196 1432 valet:
208 1371 267 1450 jus
284 1373 435 1437 activam
452 1372 645 1453 legationis
675 1376 829 1435 vocatur
857 1370 1014 1433 facultas
1043 1367 1204 1432 statibus

13 1533 15 1542 ,
91 1485 293 1554 competens
311 1478 476 1542 mittendi
494 1478 540 1542 ad
555 1487 723 1542 caeteras
741 1478 907 1540 nationes
921 1480 1072 1556 agentes
1090 1474 1202 1554 diplo-

13 1607 14 1660 l
90 1579 233 1646 maticos
251 1585 351 1665 ipsos
369 1591 702 1667 repraesentantem
729 1584 788 1664 jus
814 1584 993 1666 passivum
1010 1579 1204 1662 legationis

13 1705 14 1782 j
88 1687 291 1766 appellatur
309 1691 467 1754 facultas
485 1709 557 1773 qua
584 1691 745 1772 gaudent
772 1688 895 1752 Status
923 1684 1203 1768 recipiendiLe·

89 1796 187 1868 gatos
206 1813 270 1876 per
288 1797 380 1860 alias
399 1798 566 1862 nationes
599 1799 738 1861 missos.
766 1796 965 1878 Utramque
983 1795 1204 1876 legationem

14 1923 15 1926 ¹
85 1895 138 1975 jus
151 1917 215 1964 seu
229 1903 443 1968 facultatem
458 1905 758 1985 nuncupavimus,
777 1903 863 1984 quia
879 1901 1037 1966 nondum
1056 1915 1205 1982 prorsus

13 2063 14 2066 ,
89 2007 312 2085 exploratum
329 2015 384 2074 est
400 2009 497 2090 apud
525 2017 744 2073 tractatores
773 2016 810 2072 et
820 2007 1066 2089 jurisperitos,
1086 2013 1203 2068 utrum

88 2110 223 2177 mittere
248 2121 400 2196 agentes
427 2115 681 2197 diplomaticus
710 2116 757 2178 sit
785 2131 883 2178 mere
907 2115 966 2194 Jus
996 2113 1054 2176 vel
1085 2111 1203 2192 potius

89 2215 237 2284 officium
252 2221 455 2301 perfectum
473 2227 510 2284 et
525 2221 673 2302 proprie
684 2220 893 2301 juridicum:
913 2216 1086 2299 quidquid
1098 2217 1145 2279 sit
1159 2214 1204 2278 de

89 2316 152 2386 hac
167 2327 381 2406 quaestione
397 2327 560 2390 theorice
589 2333 768 2407 spectata,
801 2327 837 2389 in
868 2325 984 2405 praxi,
1005 2321 1127 2386 usibus
1152 2321 1203 2384 in-

89 2427 385 2497 ternationalibus
416 2434 602 2516 inspectis
622 2433 699 2496 fore
717 2449 841 2496 omnes
859 2429 1117 2510 obligationem
1147 2427 1203 2508 ju-

89 2533 232 2602 ridicam
267 2539 478 2603 existimant
516 2540 813 2604 consuetudinem
853 2535 1075 2618 generaliter
1106 2549 1201 2596 rece·

89 2646 180 2719 ptam
198 2645 340 2726 legatos
357 2645 571 2727 designandi
588 2655 698 2727 atque
713 2662 824 2727 penes
842 2649 969 2725 gentes
983 2649 1129 2706 exteras
1144 2640 1204 2704 ha·

90 2743 202 2831 bendi,
229 2753 281 2816 ita
296 2759 334 2815 ut
348 2753 545 2817 nominatio
565 2761 602 2816 et
634 2753 755 2816 missio
774 2752 958 2832 agentium
982 2747 1204 2830 regularium

89 2863 228 2932 putetur
241 2875 308 2922 ceu
326 2860 570 2922 testimonium
586 2865 731 2922 mutuae
750 2859 850 2940 pacis
864 2865 900 2922 et
914 2855 1206 2921 internetionalis

90 2966 279 3046 amicitiae,
296 2969 466 3030 avocatio
482 2983 502 3031 e
516 2973 645 3031 contra
658 2976 768 3046 atque
781 2983 947 3030 recessus
960 2965 1205 3028 ministrorum

90 3084 275 3148 personam
294 3072 417 3138 Status
436 3075 639 3155 gerentium
654 3081 847 3137 censeatur
860 3077 1045 3154 tamquam
1062 3071 1205 3150 signum

91 3171 316 3242 dissentionis
334 3185 496 3259 notaque
514 3177 736 3242 hostilitatis.

171 3284 235 3349 Jus
252 3285 446 3366 legationis
477 3290 551 3348 tum
580 3283 742 3347 activum
769 3288 843 3346 tum
873 3281 1071 3364 passivum,
1098 3280 1206 3360 juxta

90 3393 249 3471 superius
266 3392 446 3474 exposita,
466 3390 627 3455 Statibus
645 3389 823 3471 supremis
858 3394 998 3451 tantum
1016 3387 1203 3468 competit;

91 3497 148 3561 sed
164 3517 245 3564 cum
262 3499 429 3581 quaestio
446 3498 691 3580 suprematiae
710 3495 932 3577 (soberanla)
963 3511 1036 3556 non
1061 3509 1206 3574 semper

89 3597 288 3670 innotescat
305 3604 396 3668 adeo
415 3605 538 3684 obvia,
558 3607 597 3666 ut
612 3603 749 3666 nullum
762 3601 880 3664 locum
895 3597 1083 3663 dubitandi
1096 3597 1205 3660 relin-

89 3718 181 3792 quat,
201 3716 348 3793 oportet
361 3710 457 3774 hano
471 3727 548 3776 rem
561 3714 690 3790 aperte
707 3707 908 3772 dilucidare
927 3707 994 3770 etsi
1020 3705 1207 3768 levissima

88 3810 341 3883 insinuatione:
353 3815 475 3880 Status
488 3815 663 3899 simplices
678 3819 803 3896 utpote
817 3814 925 3895 pleno
939 3811 1091 3892 imperio
1103 3828 1205 3891 prae·

89 3918 146 3988 diti
159 3925 244 4006 jure
262 3923 385 3988 activo
403 3927 440 3986 et
453 3922 602 4004 passivo
620 3921 814 4002 legationis
829 3918 979 4000 pollent;
997 3916 1116 3998 quoad
1129 3915 1205 3980 Sta-

89 4029 140 4096 tus
156 4030 365 4114 compositos
376 4028 471 4093 'haec
486 4028 657 4092 videntur
670 4026 839 4090 tenenda:
855 4023 1015 4088 Statibus
1032 4023 1206 4105 composi·

90 4133 207 4218 tisper
219 4137 386 4201 unionem
398 4129 1206 4220 personalemproprieloquendoinestutrum-

91 4256 157 4322 que
172 4243 371 4325 legationis
384 4242 457 4324 ius,
474 4242 560 4324 quia
589 4240 834 4322 unusquisque
851 4237 1091 4302 statuissem
1108 4237 1204 4300 inde·
