3096 4986
780 396 939 456 -40,

392 541 447 606 20.
495 539 704 606 Tridentina
720 539 885 622 synodus
919 537 1016 604 Cleri
1041 537 1294 605 reformationi
1310 539 1432 602 inten-

304 647 391 712 dere
414 647 562 729 cupiens
593 651 702 729 atque
734 645 923 728 Episcopis
949 646 1069 711 media
1101 648 1182 710 tuta
1210 662 1276 727 pro
1305 644 1433 708 salute
1534 669 1535 676 ¹

305 753 504 816 animarum
517 752 684 816 conferre
703 752 829 816 volens
846 761 1010 816 veterem
1029 750 1262 834 disciplinam
1287 749 1432 830 aliqua·
1487 745 1492 756 '

305 866 409 924 tenus
427 859 642 940 immutavit,
657 859 824 941 sequenti
840 858 988 922 decreto
1004 857 1114 938 edito,
1134 857 1172 920 in
1201 874 1271 938 quo
1290 854 1432 938 partia·

303 967 387 1030 liter
403 964 732 1030 revocanturJuris
751 963 958 1030 Communis
975 963 1298 1046 praescriptiones:
1316 959 1433 1026 “Cum
1535 997 1536 1018 r

304 1071 489 1136 honestius
507 1089 550 1134 ac
567 1071 676 1136 tutius
692 1073 740 1134 sit
752 1073 916 1154 subjecto
930 1071 1090 1135 debitam
1105 1069 1325 1152 praepositis
1343 1070 1434 1132 obe·
1535 1069 1536 1080 ’

306 1177 476 1240 dientiam
493 1177 745 1260 impendendo,
765 1180 801 1242 in
819 1177 983 1242 interiori
1002 1177 1204 1240 ministerio
1224 1175 1431 1254 deservire,

305 1301 412 1366 quam
440 1301 519 1349 cum
537 1286 825 1366 praepositorum
841 1285 1016 1349 scandalo
1046 1284 1225 1366 graduum
1255 1284 1433 1347 altiorum
1536 1268 1537 1340 l

305 1397 479 1472 appetere
496 1391 721 1472 dignitatem,
736 1392 782 1472 ei,
804 1392 861 1454 cui
878 1407 1052 1455 aseensus
1070 1389 1118 1454 ad
1134 1406 1260 1454 sacros
1281 1389 1432 1453 ordines

306 1514 407 1560 aeuo
425 1495 606 1576 Praelato‚
622 1517 665 1561 ec·
677 1517 886 1580 quacumque
915 1517 1035 1578 causa,
1068 1497 1173 1560 etiam
1200 1496 1240 1561 ob
1257 1494 1435 1561 occultam

306 1604 444 1684 crimes,
458 1603 716 1686 quomodolibet,
729 1603 1058 1690 ectrojadiciotiter,
1077 1603 1188 1666 fuerit
1200 1601 1433 1681 interdictus
1537 1676 1538 1700 ἶ

306 1713 369 1770 aut
385 1709 445 1790 qui
463 1729 485 1772 a
502 1709 575 1774 suis
593 1709 777 1774 ordinibus
807 1727 872 1774 seu
906 1710 1091 1792 gradibus,
1111 1710 1172 1774 vel
1189 1707 1433 1791 dignitatibus
1537 1703 1538 1706 ’

307 1813 564 1879 ecclesiasticis
581 1815 689 1880 fuerit
706 1833 914 1898 suspensuS,
934 1817 1035 1880 nulls
1050 1821 1179 1880 contra
1192 1816 1306 1897 ipsius
1320 1814 1433 1878 Prae·

305 1918 371 1982 lati
387 1919 612 1986 voluntatem
639 1939 816 2004 expressa
843 1923 993 1986 licentia
1022 1921 1066 1986 de
1095 1940 1135 1986 se
1152 1921 1364 2004 promoveri
1377 1921 1434 1984 fa·

307 2023 447 2108 ciendo,
468 2026 593 2092 autad
610 2029 750 2110 priores
768 2027 924 2108 ordines,
953 2028 1101 2110 gradus,
1133 2027 1331 2110 dignitates
1348 2027 1434 2092 sive
1538 2105 1539 2110 ἵ

307 2129 461 2196 honores
473 2135 651 2199 restitutio
668 2135 912 2218 suffragetur,
929 2136 989 2214 (l).

394 2239 672 2305 Prselaudstum
702 2240 910 2320 Decretum,
945 2247 983 2303 ut
1014 2240 1144 2323 cuique
1189 2245 1303 2322 patet,
1337 2239 1433 2304 duas

307 2347 639 2426 praestantissimas
664 2347 918 2428 dispositiones
945 2347 1212 2428 complectitur,
1238 2345 1431 2428 videlicet,

307 2453 535 2518 occissionem
552 2454 700 2518 asacria
717 2453 903 2517 ordinibus
916 2453 1156 2535 suscipiendis
1166 2453 1274 2534 juxta
1288 2461 1433 2517 rectum
1539 2505 1540 2512 ,

307 2556 568 2640 Episcoporum
596 2559 783 2642 judicium,
813 2567 849 2624 et
875 2561 1133 2642 suspensionem
1166 2560 1213 2624 ab
1241 2559 1434 2624 ordinibus

307 2665 464 2746 receptis
488 2683 534 2730 ex
558 2666 726 2748 prudenti
743 2665 851 2729 etiam
869 2665 1120 2729 Praelatorum
1153 2667 1318 2736 arbitrio.
1354 2665 1434 2730 Pri·

308 2787 367 2834 ma
384 2789 468 2853 pers
487 2771 636 2854 decreti,
655 2773 724 2837 hoc
737 2779 803 2853 est,
822 2774 967 2850 negatio
984 2772 1149 2836 ordinum
1162 2791 1185 2834 a
1200 2773 1434 2852 jansenianis

308 2883 345 2942 et
359 2879 541 2959 regalistis
559 2879 675 2944 minus
692 2896 802 2960 aegre
819 2879 947 2960 fertur,
962 2887 1035 2942 tum
1052 2881 1139 2960 quia
1153 2879 1273 2960 agitur
1287 2879 1332 2944 de
1345 2881 1434 2960 jnre

308 2984 545 3067 adquirendo,
564 3003 635 3050 non
649 2993 768 3048 autem
786 2983 926 3065 dejure
943 2985 1123 3067 adquisito
1159 2986 1334 3065 tollendo,
1354 2994 1434 3052 tum

308 3093 393 3176 quia
402 3093 462 3174 J'us
474 3092 521 3156 ad
536 3091 681 3156 ordines
694 3093 787 3155 inter
800 3092 896 3154 bona
909 3093 1057 3173 privata
1067 3094 1271 3174 computari
1288 3095 1432 3175 nequit,

309 3218 388 3264 cum
402 3199 547 3264 ordines
564 3199 602 3263 in
614 3200 746 3264 bonum
759 3197 942 3279 publicum
955 3197 1111 3261 instituti
1125 3197 1209 3279 sint,
1229 3203 1305 3262 turn
1318 3200 1434 3264 etiam

309 3307 394 3390 quia
411 3307 456 3372 ad
469 3306 680 3372 clericatum
695 3304 890 3386 requiritur
903 3305 1074 3386 specialis
1089 3311 1125 3369 et
1137 3307 1434 3388 supernaturalis

309 3415 468 3495 vocatio,
504 3430 596 3496 quae
626 3409 978 3492 exacteetJ'uridice
1010 3411 1159 3492 probari
1190 3431 1263 3477 non
1295 3418 1432 3495 potest:

311 3587 494 3598 ——n-——nn—

310 3713 416 3768 dicunt.
428 3713 505 3766 Tuae
524 3711 609 3780 igitur
621 3711 782 3780 quaestioni
803 3709 899 3764 tsliter
913 3711 1127 3780 respondemus:
1141 3712 1217 3780 quod
1229 3711 1390 3780 honestius,
1403 3717 1435 3766 at

309 3785 400 3837 tutius
421 3789 465 3836 est
478 3784 615 3852 subjectis
638 3783 764 3836 debitam
787 3785 957 3850 praepositis
980 3782 1171 3836 obedientiam
1192 3783 1389 3850 impendendo
1403 3786 1435 3836 in

309 3857 437 3909 interiori
451 3855 609 3909 ministerio
630 3854 782 3919 deservire,
795 3869 879 3920 quam
893 3869 956 3906 oum
972 3855 1196 3922 praepositorum
1217 3853 1353 3908 scandalo
1373 3869 1436 3925 grs-

310 3929 397 3980 duum
419 3939 552 3994 appetere
570 3927 746 3992 dignitatem:
760 3940 812 3978 nec
834 3931 879 3978 est
891 3927 919 3976 in
935 3925 988 3978 hac
1012 3929 1091 3992 parta
1104 3926 1300 3992 subjectorum
1321 3925 1435 3979 deside

309 3999 383 4050 rium
396 3998 614 4051 confovendum:
628 3998 761 4063 quoniam
775 4011 839 4048 esse
852 4001 953 4062 potest,
966 3996 1041 4062 quod
1056 3995 1178 4049 Praelati
1190 4012 1289 4050 corurn
1302 3997 1436 4049 commis·

310 4085 343 4122 sa
367 4075 476 4122 secreta
497 4069 637 4134 noverint,
663 4083 699 4118 ex
724 4066 828 4133 quibus
851 4072 964 4120 constat
986 4069 1036 4130 eis,
1059 4067 1135 4134 quod
1156 4069 1237 4120 salva
1258 4067 1436 4121 conscientia

310 4147 455 4206 nequeunt
466 4140 623 4192 sublimari:
636 4139 701 4206 quis
714 4153 770 4190 non
784 4139 812 4189 in
824 4137 1001 4190 sublimitate
1011 4137 1159 4204 graduum,
1169 4139 1220 4191 sed
1230 4139 1259 4190 in
1270 4139 1437 4206 amplitudi-

311 4226 348 4264 ne
360 4212 506 4264 charitstis
519 4211 676 4278 adquiritur
685 4224 803 4274 regnum
817 4208 886 4260 Dei»
902 4209 974 4276 (cup.
989 4209 1021 4276 V,
1036 4207 1080 4261 De
1092 4206 1214 4276 Tempor.
1230 4207 1346 4276 Oratus.

381 4286 422 4350 (l)
457 4281 535 4336 Sese.
548 4282 624 4351 XIV,
637 4276 846 4348 capideRef.
