3096 4986
585 395 744 454 ..55-

111 552 237 617 quenas
253 537 405 602 macinas
422 537 495 602 han
524 537 579 602 los
609 539 766 622 clerigos
783 541 860 605 mas
894 557 964 623 que
996 545 1095 607 otros
1127 561 1225 610 ornes

111 642 262 707 tambien
279 660 326 707 en
345 643 396 708 las
411 661 586 725 personas
604 661 707 710 como
721 663 767 710 en
782 646 838 710 las
868 663 988 729 cosas,
1023 653 1041 714 e
1074 657 1144 714 esto
1175 651 1225 715 tes

111 748 222 814 iinon
235 749 290 814 los
305 749 583 832 supernomen,
604 751 624 815 e
643 751 697 816 ios
714 752 845 834 sepes,
859 753 879 816 e
894 753 947 818 los
961 759 1061 818 atros
1075 757 1225 820 seriores

110 854 149 919 de
164 857 219 920 ias
235 857 369 922 tierras
385 875 453 938 por
470 857 586 922 honra
603 858 623 921 e
641 875 708 940 por
733 859 949 924 reverencia
981 859 1027 925 de
1051 861 1088 924 la
1113 860 1226 926 Senta

111 961 261 1046 Eglcsia,
278 965 299 1028 ὁ
317 981 357 1028 es
371 965 486 1050 prancl
498 965 639 1030 derecto
657 982 727 1047 quc
744 965 800 1029 las
818 983 954 1046 ayan...
971 965 1032 1049 (1).

190 1069 261 1134 sed
278 1075 356 1134 tota
373 1070 465 1134 haec
481 1069 749 1152 Regalistarum
782 1072 1050 1153 argumentatio
1076 1073 1224 1137 rationi·

111 1173 171 1239 bns
189 1175 279 1240 adeo
297 1176 461 1240 futilibus
473 1176 613 1256 nititur,
633 1182 672 1240 ut
685 1177 862 1242 facillima
889 1178 1139 1243 confutatione
1156 1179 1224 1244 dis·

110 1280 261 1363 jiciatur;
291 1283 479 1348 etenimin
504 1288 673 1364 promptu
698 1287 754 1347 est
784 1283 832 1348 ad
864 1285 1008 1366 singula
1035 1287 1226 1368 proposita

114 1396 319 1469 argumenta
332 1389 531 1470 responsio.

193 1493 319 1574 Quoad
330 1497 499 1578 primam,
514 1494 647 1560 falsum
663 1499 720 1558 est
733 1495 1004 1560 ecclesiasticas
1021 1495 1224 1560 immunita·

114 1603 162 1662 tes
174 1600 254 1680 jure
269 1601 371 1664 civili
386 1601 499 1664 fnisse
514 1605 684 1680 statutae
704 1601 773 1666 etsi
798 1602 895 1666 enim
913 1601 1093 1684 quaedam
1114 1601 1224 1684 privi-

115 1703 202 1787 legia
218 1707 297 1790 iege
315 1707 416 1778 civili
432 1705 620 1771 Ecclesiae
638 1707 774 1772 fuerint
802 1724 991 1791 concessa,
1027 1715 1226 1791 antequam

115 1809 203 1874 edita
219 1819 314 1878 esset
329 1813 391 1876 lex
404 1811 668 1893 ecclesiastica,
686 1819 808 1878 tamen
821 1813 976 1878 inficiari
1007 1817 1143 1898 nequit:
1176 1816 1224 1880 1.⁰

24 1999 25 2002 Ἴ
114 1913 306 1984 Eccleusm
318 1919 462 2001 aliquas
480 1921 713 1986 inmunitates
731 1920 800 1984 eibi
818 1920 1025 1986 vindicasse
1040 1928 1225 2004 tamquam

24 2085 25 2108 ἦ
117 2023 612 2106 debitusvelcouvenientes,
644 2025 863 2108 easdemque
893 2029 1112 2092 auctoritate
1145 2046 1224 2109 pro-

117 2131 190 2210 pria
205 2133 444 2212 constituisse,
463 2131 573 2195 enam
590 2149 662 2196 non
680 2139 851 2197 exstante
869 2133 952 2216 lege
985 2133 1098 2214 civili,
1117 2135 1225 2198 immo

118 2251 197 2299 vero
213 2238 599 2320 contraipsamIegem
624 2238 784 2318 civiicm;
814 2258 910 2318 nam,
943 2239 1100 2304 nondum
1134 2257 1226 2321 pace

117 2341 292 2408 Ecclesiae
309 2344 409 2424 data,
428 2343 657 2426 (cacelina
675 2344 845 2432 Patribus
858 2345 1041 2410 Africanis
1068 2347 1225 2428 prohibi-

118 2453 185 2512 tum
197 2457 248 2514 ost
260 2450 426 2514 fidelibus
443 2449 669 2514 committere
687 2449 837 2516 clericis
871 2451 1005 2516 tutelas
1035 2460 1072 2515 et
1105 2469 1224 2532 coras,

118 2557 270 2636 quamvis
284 2558 347 2621 lex
360 2557 480 2622 civilis
497 2557 588 2621 haec
604 2566 790 2640 spectaret
808 2560 921 2623 veluti
939 2560 1085 2641 publica
1103 2579 1224 2625 mune-

118 2678 166 2741 ra;
179 2665 227 2728 ita
241 2673 369 2746 aperte
386 2669 530 2728 constat
547 2683 592 2730 ex
611 2665 757 2730 decreto
776 2665 928 2732 Concilii
945 2665 1110 2730 Africani
1129 2684 1225 2730 anno

119 2769 175 2834 ua
188 2772 298 2836 habiti
316 2781 426 2854 atque
443 2791 465 2836 a
482 2770 518 2836 S.
538 2771 721 2855 Cypriane
740 2775 776 2837 in
793 2795 893 2839 suurn
911 2774 958 2839 acl
973 2775 1102 2840 clerum
1119 2783 1151 2837 et
1164 2795 1224 2857 po,-

118 2876 223 2957 ptlam
236 2877 430 2962 Epistulam
447 2879 577 2942 relato:
597 2879 763 2964 Episcopi
781 2887 1011 2946 antecesserat
1039 2881 1150 2945 nostrl
1173 2899 1225 2944 re·

24 2989 25 3044 ἶ
119 2980 222 3066 lipiose
238 2985 506 3064 considerantes,
524 2993 556 3050 et
572 2987 759 3050 salubriter
772 2986 1007 3070 procidentes,
1021 2991 1226 3050 censuerant

24 3073 26 3170 [
120 3105 154 3149 ne
167 3091 237 3171 quis
245 3090 362 3174 frater
378 3090 545 3155 accedens
561 3091 608 3156 acl
621 3092 764 3156 tutelam
778 3093 830 3156 cel
846 3093 892 3158 acl
910 3113 1030 3156 curam
1062 3093 1226 3156 clericam

24 3181 26 3204 ‘
119 3197 364 3274 Mataurense
379 3198 412 3260 sl
428 3196 578 3279 quiahoc
593 3198 744 3280 fecisset,
774 3219 841 3263 nou
869 3198 1059 3283 offerretur
1078 3218 1147 3280 pro
1174 3217 1224 3276 eo,

119 3303 384 3388 mosacrtlicr'um
393 3323 459 3386 pro
472 3303 678 3368 dormitione
692 3307 766 3390 ejus
783 3305 1025 3370 celebraretur:
1041 3302 1092 3366 2.⁰
1111 3302 1224 3384 privi-

121 3403 203 3488 legia
218 3409 263 3473 ab
281 3409 569 3489 imperatoribus
588 3411 766 3491 profecta,
797 3411 908 3474 semei
938 3427 1125 3488 concessa,
1145 3409 1227 3491 lege

122 3514 357 3580 ecclesiastica
374 3515 516 3579 sancita
538 3521 575 3579 et
592 3517 810 3580 canonizata
836 3517 960 3596 fuisse,
975 3515 1027 3578 ita
1042 3523 1079 3578 ut
1095 3517 1168 3580 virn
1183 3533 1227 3580 ac

122 3618 268 3700 vigorem
284 3639 357 3686 non
375 3640 397 3684 a
410 3623 493 3702 jure
509 3621 609 3686 civili
627 3621 692 3686 sed
721 3639 742 3684 a
756 3623 839 3702 jnre
873 3622 1123 3686 ecclesiastico
1154 3641 1226 3686 rnu-

122 3725 306 3792 taarentar:
333 3726 835 3809 3.⁰Ecc1esiamsaepissime
868 3728 1058 3809 restitisse,
1078 3729 1225 3811 quando

122 3827 187 3910 ipsa
198 3833 418 3912 inconsulta,
437 3833 626 3916 Principes
640 3834 768 3900 eadem
781 3835 962 3916 abrogare
978 3836 1224 3924 intenderunt:

120 3934 163 3999 4.⁰
179 3956 335 4004 canones
352 3938 533 4004 interdum
550 3941 713 4022 allegare
730 3945 792 4004 aut
806 3941 981 4004 invocare
1006 3941 1106 4021 leges
1138 3940 1225 4004 civi-

121 4041 164 4107 les
179 4047 237 4112 vei
253 4049 383 4112 contra
396 4044 538 4126 judices
554 4047 669 4112 laicos
687 4047 843 4110 minores
874 4046 933 4110 vei
962 4047 1137 4128 historice,
1157 4045 1227 4112 hoc

122 4189 318 4202 ⁸-

180 4287 217 4352 (i)
252 4283 310 4352 Ley
325 4281 369 4348 50,
381 4283 425 4337 tit.
440 4287 489 4346 69,
503 4299 566 4352 pag.
585 4285 624 4338 1.ι
