3096 4986
569 437 729 496 ...cc-

95 583 319 666 exemptione
343 579 595 650 sacerdotibus
626 597 692 662 per
720 578 950 648 Pharaonem
968 594 1143 644 concesso
1159 577 1212 642 ita

97 689 281 760 exclamat:
308 685 468 760 acutam
490 688 548 771 qui
566 707 655 754 ncnc
673 688 802 768 vicunt,
821 693 986 770 quantam
1002 686 1084 751 olim
1099 704 1211 750 accer-

96 795 204 868 δοίη
218 795 391 865 idolorum
407 815 528 864 curum
540 794 736 874 habuerint,
755 799 787 860 el
802 793 941 860 discunt
968 801 1006 858 nl
1024 795 1075 858 oei
1090 794 1213 858 sallem

96 923 207 986 percon
224 903 369 974 bienni
385 903 545 970 honorem
575 903 615 982 ii,
642 903 764 985 quibas
795 902 947 967 omniurn
976 901 1044 966 Dei
1059 901 1210 965 miniato-

102 1009 183 1076 rimn
198 1009 378 1088 creditum,
396 1016 429 1078 el
445 1009 503 1092 qur·
518 1008 711 1076 sacerdotio
728 1008 886 1092 insipnr'tr‘
903 1015 984 1074 sunt
1000 1007 1060 1087 (l).

179 1113 233 1182 De
244 1115 472 1184 immunitate
484 1111 706 1180 clericorum
720 1132 742 1180 a
756 1114 927 1180 tribunali
940 1115 1034 1178 laico
1050 1114 1087 1178 in
1101 1129 1213 1178 causa

99 1219 282 1303 criminali,
296 1221 443 1303 legatur
460 1220 654 1302 praeclara
677 1218 711 1284 S.
738 1218 868 1286 Hilarii
887 1219 1051 1302 Epistola
1070 1219 1117 1282 ad
1143 1219 1211 1283 lm·

104 1333 296 1406 potatorem
325 1325 588 1399 Constantium:
622 1327 844 1392 evolvantur
872 1323 1115 1391 Oonciliorum
1132 1323 1212 1390 Col-

103 1432 278 1514 laetiores,
298 1433 359 1500 ubi
383 1439 438 1502 rot
461 1439 659 1516 suppetunt
676 1433 826 1500 decreta
842 1451 909 1516 pro
926 1432 1077 1498 Oleriois
1094 1453 1116 1496 a
1132 1433 1212 1497 foro

101 1541 269 1606 soeculari
301 1541 503 1608 eximendis
520 1542 557 1606 in
585 1543 730 1624 negotio
763 1541 955 1621 criminali3
990 1539 1207 1623 praesertim

105 1663 184 1712 vero
201 1649 433 1713 consulantur
447 1647 610 1714 Concilio
624 1648 832 1730 Agathense
850 1651 923 1730 (cn.
934 1647 1013 1724 506)
1028 1664 1109 1712 can.
1124 1643 1211 1712 VIII

102 1757 137 1816 el
146 1752 184 1834 L,
194 1754 453 1820 Aurelianense
467 1754 516 1818 lv
526 1755 597 1836 (an.
611 1754 702 1834 541),
718 1753 1035 1820 Autissiodorense
1048 1753 1119 1838 (an.
1133 1751 1213 1832 578)

104 1875 179 1924 can.
197 1859 328 1941 XXXI,
358 1867 395 1925 et
422 1861 688 1926 Masticonense
707 1859 723 1924 Ι
754 1859 827 1944 (an.
849 1859 928 1939 581)
957 1878 1038 1924 can.
1058 1860 1157 1940 vill,
1177 1859 1214 1923 in

104 1983 168 2047 quo
180 1967 394 2032 decernitur:
418 1968 463 2034 Ut
474 1968 591 2034 nullus
608 1968 754 2032 clericus
770 1968 818 2034 od
827 1968 983 2054 jndicem
1001 1968 1214 2032 saecularem

105 2091 330 2158 quemcumque
342 2075 452 2142 aliurn
462 2074 611 2159 fratrem
624 2075 665 2139 da
677 2075 812 2140 clericis
826 2081 1064 2140 accusarentur
1077 2073 1124 2137 ad
1136 2093 1214 2137 ocu·

108 2181 369 2246 condicendam
388 2180 523 2246 ircim
556 2201 763 2266 quocumque
794 2181 893 2246 modo
921 2187 1138 2266 praesuman-
1155 2179 1216 2242 aeri

105 2304 192 2350 nnnc
205 2290 374 2373 nepoiium
390 2287 593 2352 clericorum
609 2289 723 2352 autin
747 2287 900 2371 episcopi
916 2288 972 2352 ani
987 2293 1047 2351 cul
1065 2287 1102 2350 in
1118 2305 1215 2370 prea-

109 2391 287 2475 cyrenorum
305 2394 357 2458 cel
374 2393 613 2458 archidiaconi
635 2395 839 2477 praesentia
864 2393 1022 2478 finiatur.
1058 2389 1156 2466 Quod
1184 2392 1214 2456 ci

108 2499 292 2584 quicumque
309 2501 454 2568 clericus
466 2499 527 2566 irco
544 2501 686 2584 impiere
706 2500 893 2580 distulerit,
907 2501 939 2564 si
953 2500 1079 2585 junior
1094 2499 1214 2585 suerit,

110 2622 165 2668 uno
176 2610 284 2671 minna
301 2607 342 2672 de
370 2608 603 2692 qnadrcpinta
620 2607 786 2690 accipiat·
810 2607 866 2670 sin
895 2614 984 2670 cerlo
999 2605 1213 2686 honoratior,

106 2711 234 2795 tripinla
252 2715 388 2778 dierum
402 2714 616 2778 conclusione
633 2714 815 2778 melotem
829 2712 894 2796 (2).

184 2818 235 2883 De
263 2819 491 2884 immunitate
519 2817 781 2884 Clericoruma
812 2819 891 2883 soro
919 2819 1013 2883 laico
1041 2819 1151 2882 etiam
1179 2819 1216 2882 in

109 2937 204 2988 causa
222 2925 338 3004 civili,
356 2929 429 2990 tam
446 2925 513 2989 sub
530 2925 700 2990 Romanis
718 2925 1004 3006 Imperatoribus
1022 2943 1130 3008 quarn
1148 2925 1214 2988 sub

110 3025 248 3110 Regibus
278 3029 537 3111 Barbarorum,
558 3031 666 3113 plura
691 3031 870 3096 habentur
888 3033 1115 3114 antiquitatis
1144 3049 1215 3094 mo·

112 3145 276 3218 numento,
297 3139 490 3220 exquibus
519 3139 629 3220 plene
659 3137 855 3220 colligitur,
872 3139 979 3219 juxta
997 3137 1215 3202 ecclesiasti·

110 3256 179 3307 cam
204 3243 529 3327 jurisprudentiam
562 3251 649 3308 tunc
681 3245 855 3326 temporis
888 3247 1073 3326 vigentem
1107 3253 1216 3326 atque

114 3362 233 3414 morum
257 3350 385 3432 vigore
413 3352 728 3432 saeculariumque
757 3351 1033 3432 magistratuum
1064 3367 1215 3413 assensu

111 3455 357 3537 confirmatam,
388 3475 519 3522 causus
546 3457 641 3521 inter
670 3459 825 3523 clericos
856 3473 936 3522 esse
963 3455 1140 3520 videndus
1170 3457 1216 3520 ab

114 3555 287 3645 Episcopm
306 3565 337 3628 sl
354 3565 449 3628 inter
466 3564 639 3628 clericum
666 3573 701 3627 st
718 3565 863 3646 laicum,
883 3571 918 3627 et
948 3563 1103 3628 clericus
1120 3570 1217 3628 esset

114 3679 193 3746 reus,
210 3671 348 3751 pariter
366 3670 412 3734 ab
437 3669 629 3752 Episcop03
648 3671 678 3733 si
698 3688 786 3735 vero
805 3670 959 3734 clericus
987 3672 1215 3748 scrutamur,

112 3787 132 3834 a
142 3773 252 3854 Judice
268 3777 376 3858 laico,
395 3778 482 3842 licet
498 3778 648 3842 obtenta
666 3785 776 3840 antea
793 3795 815 3840 a
832 3777 966 3841 clerico
996 3775 1217 3858 competenti

113 3875 265 3967 Episcopi
281 3887 392 3950 venia
419 3885 556 3950 citandi
573 3883 671 3966 apud
688 3885 789 3948 illum
808 3884 939 3948 laicum
959 3881 1218 3947 demandatum

111 3995 143 4048 ot
156 3991 381 4073 comparendi
395 4009 519 4056 coram
536 3991 637 4056 civili
653 3992 878 4072 magistratu.

114 4139 280 4157 *q-——a

172 4267 208 4325 tl)
243 4267 326 4320 Hom.
340 4267 374 4318 65
388 4266 417 4318 in
430 4280 492 4332 cap.
505 4264 540 4316 47
556 4263 694 4318 Geneaeoa.

174 4337 211 4405 (i)
246 4335 325 4392 Gens.
346 4335 519 4404 chbaeum‚
532 4341 599 4389 tom.
614 4336 651 4388 VI
664 4335 749 4388 Oonc.
