3062 4994
791 341 974 398 -112-

319 485 409 562 stus3
429 499 516 564 ergo
542 481 694 564 quilibet
711 481 827 548 fidelis
840 483 936 548 bona
955 483 1105 566 propria
1121 501 1187 566 per
1203 475 1300 565 piar'n
1313 485 1446 550 funda·

320 593 454 654 tionem
473 605 584 670 scopo
614 588 785 670 religioso
804 593 840 654 et
867 589 927 653 flul
959 591 1229 671 supernaturali
1258 591 1449 656 destinare

318 701 451 778 potest:
469 699 507 758 at
523 693 712 758 Ecclesiae
729 696 903 779 competit
912 696 972 777 jus
984 694 1198 776 invigilandi
1213 697 1249 760 in
1263 714 1306 760 ea
1320 697 1448 762 omnia

320 819 513 884 quaecum
531 817 642 883 scopo
670 801 841 884 religioso
873 807 1148 882 connectuntur;
1167 801 1276 885 igitur
1293 804 1363 884 ipsi
1380 807 1447 868 tri·

323 907 469 973 buenda
487 915 523 970 et
539 907 762 971 vindicanda
789 913 846 972 est
862 908 1025 989 legitima
1052 908 1208 972 facultas
1237 926 1350 990 opera
1381 909 1450 992 pia
1526 921 1527 992 ζ

323 1015 489 1096 curandi,
509 1014 733 1095 moderandi,
748 1015 971 1098 exsequendi
988 1015 1048 1079 vel
1065 1016 1194 1080 saltem
1211 1016 1446 1098 inspiciendi.
1526 1003 1527 1036 ³

413 1121 468 1184 Ex
487 1121 592 1184 dictis
609 1121 718 1202 plane
736 1121 919 1202 colligitur
935 1119 1121 1186 Ecclesiae
1138 1123 1256 1186 inesse
1283 1127 1447 1204 potcsta-
1526 1113 1527 1194 Ῠ

320 1235 394 1294 tem
412 1247 484 1292 non
513 1227 619 1293 modo
637 1229 848 1309 praestandi
875 1246 939 1292 seu
963 1230 1216 1311 exaequationi
1246 1229 1456 1294 mandandi·

322 1353 389 1419 per
418 1354 457 1400 se
475 1335 535 1398 vel
565 1352 611 1398 ex
628 1335 818 1398 voluntate
845 1335 1075 1400 fundatorum
1108 1353 1237 1400 causas
1267 1337 1360 1417 pias,
1379 1337 1449 1400 sed
1526 1391 1527 1404 ,

320 1441 539 1523 invigilandi
555 1458 698 1524 quoque
724 1441 760 1506 in
778 1459 822 1506 ea
839 1443 899 1523 pia
923 1457 1047 1523 opera,
1068 1460 1161 1524 quae
1189 1459 1236 1506 ex
1253 1443 1449 1508 voluntate

322 1555 539 1614 testatorum
572 1553 635 1610 aut
663 1547 893 1612 fundatorum
921 1548 1100 1630 speciales
1128 1548 1449 1614 administratores
1526 1581 1527 1588 κ

321 1655 458 1718 habeut
445 1655 574 1735 t,quia
606 1671 719 1735 penes
744 1653 961 1718 christianos
988 1655 1078 1718 haec
1105 1655 1271 1718 instituta
1294 1672 1447 1737 praesu·
1526 1639 1527 1722 ἶ

322 1769 469 1826 muntur
485 1777 530 1823 ex
548 1761 719 1841 religioso
733 1777 857 1842 scopo,
876 1764 1035 1842 atqueJ
1003 1777 1022 1824 e
1028 1759 1179 1824 asmodi
1196 1764 1449 1844 praesumptio
1526 1749 1527 1826 l

322 1867 439 1948 viget,
458 1867 528 1930 nisi
547 1883 722 1948 expresse
735 1871 878 1930 constet
894 1868 1079 1932 contraria
1091 1868 1273 1950 voluntas,
1291 1869 1361 1934 hoc
1374 1877 1446 1950 est,
1526 1859 1527 1932 l

323 1973 439 2038 donec
457 1979 585 2055 aperte
604 1973 777 2055 probetur
801 1973 1050 2040 fundatores
1040 1991 1077 2038 in
1094 1991 1205 2056 opere
1221 1975 1449 2040 instituendo

322 2081 395 2144 fine
414 2081 573 2144 naturali
591 2081 719 2144 ductos
736 2080 883 2144 utilitati
900 2097 998 2144 mere
1023 2082 1215 2162 temporali
1231 2081 1446 2164 intendisse,
1526 2083 1527 2164 j

324 2205 552 2274 quocumque
586 2188 757 2269 religioso
785 2193 953 2269 respectu
980 2189 1251 2270 praetermisso.
1281 2187 1386 2269 Quod
1415 2193 1450 2255 si

322 2297 536 2360 fundatores
554 2295 726 2376 explicite
751 2293 983 2358 declararent
999 2311 1037 2358 se
1063 2297 1108 2359 ob
1132 2313 1281 2378 scopum
1299 2297 1449 2379 religio-

321 2421 398 2468 sum
417 2419 501 2466 suas
526 2403 771 2466 institutiones
784 2401 1003 2484 relinquere,
1023 2401 1087 2466 sed
1099 2403 1206 2466 simul
1223 2403 1448 2468 ecclesiasti·
1526 2377 1527 2466 Ῐ

322 2528 403 2576 cam
438 2513 656 2592 potestatem
685 2507 922 2572 excluderent
938 2525 1010 2572 non
1028 2507 1132 2573 modo
1150 2508 1195 2572 ab
1214 2508 1448 2574 administra·
1526 2535 1527 2586 1

324 2617 423 2680 tione
452 2616 644 2694 bonorum,
662 2631 789 2678 verum
820 2614 930 2678 etiam
957 2633 980 2676 a
1007 2599 1234 2698 quacumque
1252 2617 1450 2698 vigilantia

323 2723 360 2788 in
390 2722 717 2800 administratores,
737 2721 773 2784 in
791 2737 960 2800 maguam
976 2725 1012 2784 et
1029 2721 1245 2803 palmariam
1262 2724 1448 2788 contradi·
1526 2705 1527 2750 ³

306 2873 308 2878 -
324 2829 480 2894 ctionem
499 2829 740 2906 incurrerent,
759 2831 796 2889 et
812 2832 897 2890 tunc
913 2827 1074 2908 ipsorum
1087 2829 1257 2892 voluntas
1273 2846 1342 2894 nec
1360 2829 1448 2894 hae·

321 2934 429 2999 redes
443 2939 604 3014 cogeret,
623 2949 741 3014 neque
759 2933 796 2995 in
813 2932 881 2996 hoc
898 2951 920 2996 a
935 2934 1091 2998 cacteris
1107 2939 1203 2999 esset
1220 2935 1450 3002 attendenda
1526 2977 1527 2980 =

321 3045 448 3122 utpote
473 3041 600 3102 abusui
628 3037 962 3102 administratorum
990 3041 1219 3104 occasionem
1247 3041 1447 3123 praebens:

322 3154 360 3214 el
375 3164 477 3227 sane,
492 3145 635 3209 etiamsi
648 3145 708 3224 jus
724 3129 893 3208 naturale
910 3149 1048 3210 tantum
1062 3151 1260 3228 spectetur,
1278 3148 1450 3212 omnibus
1526 3145 1527 3180 l

323 3269 538 3338 persuasum
566 3251 721 3314 habetur
750 3250 948 3332 quamlibet
971 3251 1234 3318 institutionem
1261 3253 1368 3318 inniti
1385 3254 1449 3320 de·

320 3361 409 3425 bere
439 3359 546 3422 alicui
566 3373 747 3439 personae
764 3356 843 3420 sive
860 3355 1046 3438 physicae,
1065 3359 1145 3422 aive
1161 3359 1302 3440 morali,
1321 3359 1447 3442 idest,
1526 3385 1527 3444 3

323 3465 476 3548 speciali
491 3463 677 3528 individuo
695 3463 755 3528 vel
773 3463 1036 3529 determinatae
1049 3467 1230 3548 societati;
1244 3467 1320 3548 jam
1339 3485 1448 3550 vero,

321 3573 360 3636 in
389 3575 540 3651 utroque
558 3586 644 3634 casu
662 3569 895 3650 agnoscenda
912 3571 982 3634 erit
996 3573 1204 3636 necessaria
1221 3573 1450 3640 interventio

327 3682 438 3760 atque
466 3675 734 3740 indeclinabilis
758 3676 951 3758 vigilantia
977 3672 1172 3759 religiosae
1201 3679 1448 3746 auctoritatis.
1526 3703 1527 3770 i

325 3783 363 3850 Si
392 3783 488 3848 enim
517 3796 652 3864 operae
668 3783 751 3864 piac
768 3787 1019 3864 supponantur
1046 3783 1278 3850 concreditae
1305 3789 1451 3868 specia-

322 3891 418 3956 libus
451 3887 647 3952 individuis
676 3905 740 3952 seu
768 3887 1135 3971 administratoribus,
1164 3907 1246 3955 cum
1273 3893 1346 3975 ipsi
1373 3911 1451 3960 non

323 4001 437 4079 agant
454 3993 599 4058 nomine
623 3994 785 4076 proprio,
802 4011 920 4078 neque
937 3995 973 4059 in
989 3997 1220 4078 personalem
1236 3999 1449 4083 utilitatem,

322 4101 387 4167 sed
411 4099 556 4165 nomine
582 4099 813 4164 fundatorum
831 4101 881 4181 pii
898 4102 1018 4184 operis
1034 4105 1070 4166 ct
1087 4103 1124 4166 in
1140 4103 1273 4168 bonum
1290 4107 1450 4172 societa-
1526 4111 1527 4190 g

321 4209 369 4272 tis
399 4205 636 4287 christianae,
657 4205 717 4285 Jus
733 4211 789 4270 cst
805 4205 993 4272 Ecclesiae
1016 4209 1146 4274 saltem
1161 4209 1384 4291 inspiciendi
1402 4233 1452 4279 an
1526 4211 1527 4304 ,
