3226 4994
341 403 378 448 VI

302 537 464 636 proprii
497 537 712 612 societatis
742 538 896 634 pendet
924 541 1060 612 statas
1077 527 1315 638 juridicus,
1347 539 1429 613 hoc

303 667 381 752 est,
405 669 451 734 ut
472 660 527 734 sit
549 661 736 757 perfecta
755 660 826 735 vel
845 661 1110 758 imperfecta,
1131 661 1426 736 subalternata

302 783 372 858 vel
391 784 691 880 independens,
715 791 814 879 etc.;
839 805 892 858 ex
908 805 1060 886 ponere
1076 783 1170 857 finis
1186 785 1368 881 proximi
1385 793 1427 858 et

171 919 179 932 ‘
303 907 531 1004 adaequati
553 907 706 1004 pendet
725 899 981 1008 specificatio
1002 929 1076 980 seu
1106 906 1250 981 classis
1271 917 1345 981 aut
1364 908 1427 981 in·

304 1029 434 1123 doles,
457 1051 621 1127 nempe,
654 1039 700 1104 ut
729 1030 962 1127 spiritualis
992 1029 1061 1103 vel
1088 1031 1333 1126 temporalis
1352 1031 1426 1104 ha·

303 1155 468 1246 beatur,
492 1164 591 1246 ete,
631 1176 684 1229 ex
718 1147 910 1230 libertale
943 1153 1012 1228 vel
1049 1147 1298 1229 necessitate
1332 1154 1429 1228 finis

304 1277 460 1374 pendet
479 1271 650 1353 interna
688 1271 931 1354 constitutio
959 1278 1190 1369 societatis,
1214 1278 1357 1368 idest,
1381 1285 1429 1350 ut

305 1401 462 1476 existat
482 1402 717 1498 inaequalis
738 1402 807 1476 vel
826 1401 1030 1497 aequalis,
1054 1411 1153 1494 etc.;
1187 1400 1355 1474 demum
1374 1422 1429 1474 ex

303 1519 603 1626 snperr‘oritote
622 1525 691 1599 vel
710 1518 996 1618 inferioritate
1016 1523 1111 1598 finis
1131 1525 1288 1621 pendet
1308 1517 1429 1618 ordo,
1476 1615 1482 1632 Ι

305 1649 524 1742 categoria
545 1657 618 1722 aut
639 1649 901 1745 praestantia
939 1647 1169 1740 societatis,
1209 1646 1424 1740 videlicet,

304 1782 351 1845 ut
372 1783 510 1846 exstet
529 1772 863 1868 supernaturalis
884 1772 952 1845 vel
986 1769 1207 1864 naturalis,
1231 1791 1430 1868 suprema

306 1894 375 1968 vel
394 1896 682 1985 subordinate,
706 1895 840 1988 maj0r
860 1895 928 1968 vel
948 1897 1096 1986 minor,
1121 1905 1201 1968 etc.

412 2018 487 2093 His
517 2020 744 2116 praejactis
774 2029 815 2093 et
854 2019 909 2093 ad
948 2019 1163 2094 societatis
1202 2019 1430 2114 religiosae

195 2143 199 2154 '
305 2165 379 2217 seu
399 2141 615 2218 Ecclesiae
634 2145 848 2218 notionem
880 2143 1121 2240 applicatis,
1153 2156 1335 2238 quatuor
1356 2163 1426 2240 po-

305 2276 495 2358 testates,
519 2267 584 2341 vel
620 2268 777 2341 rectius
811 2268 1034 2364 loquendo,
1078 2267 1202 2340 unica
1240 2275 1430 2363 potestas

305 2401 486 2486 quatuor
499 2393 812 2488 praerogativis
823 2393 1030 2488 insignita
1048 2391 1263 2466 Ecclesiae
1275 2387 1428 2466 Catho-

228 2611 254 2622 Ν
305 2514 412 2588 licae
433 2515 651 2612 competit;
674 2525 716 2590 et
737 2537 1014 2612 unaquaeque
1031 2525 1233 2613 potestas,
1256 2514 1325 2588 vel
1344 2537 1427 2589 me·

305 2639 385 2713 lius
406 2640 575 2736 singula
593 2642 897 2736 praerogativa
918 2641 1039 2714 unius
1073 2647 1114 2714 et
1144 2638 1180 2731 ej
1191 2639 1336 2712 usdem
1358 2660 1428 2735 po·

305 2765 472 2838 testatis
492 2785 567 2838 sua
605 2765 837 2860 peculiaria
874 2765 971 2856 jura
1006 2762 1315 2859 complectitur,
1349 2763 1430 2837 hac

304 2887 440 2961 forma
460 2897 502 2960 et
521 2889 713 2983 sequenti
734 2888 1018 2961 distinctione.

412 3009 590 3084 Ratione
608 3016 743 3087 statas
754 3003 945 3113 juridici
962 3033 1015 3086 ex
1040 3016 1199 3086 natura
1219 3009 1313 3083 finis
1334 3031 1428 3106 pro·

306 3133 388 3229 prii
408 3133 642 3229 pendentis,
667 3135 856 3210 Ecclesia
877 3143 940 3209 est
960 3135 1140 3210 societas
1167 3125 1361 3234 perfecta
1386 3139 1430 3208 et

306 3253 527 3359 completo,
551 3259 716 3356 ipsique
736 3260 937 3355 competit
957 3268 1145 3355 potestas
1164 3277 1365 3358 suprema
1386 3269 1428 3332 et

306 3374 610 3484 independens,
654 3383 713 3458 uti
751 3384 1084 3457 demonstratum
1121 3390 1184 3457 est
1221 3383 1265 3456 in
1304 3383 1428 3456 Parte

306 3505 446 3580 Prima
466 3507 588 3600 hujus
610 3506 773 3605 Operis,
792 3529 914 3604 capp.
938 3507 957 3579 Ι
979 3515 1021 3580 et
1041 3506 1081 3579 ll
1098 3507 1149 3580 de
1164 3499 1429 3604 Perfeclt'one
1458 3531 1460 3534 ·

305 3627 520 3704 Ecclesiae
540 3641 581 3705 et
601 3622 879 3733 Saprentalio
908 3631 1134 3704 Potestatls
1161 3629 1428 3704 Ecclesiasti-

306 3773 395 3828 oae:
420 3755 497 3828 sub
531 3755 610 3830 hoc
630 3765 837 3852 conceptu
857 3765 1038 3851 quatuor
1063 3753 1229 3847 juribus
1249 3753 1425 3850 gaudet,

305 3899 484 3975 quorum
503 3879 713 3976 expositio
734 3875 872 3976 Caput
891 3879 911 3952 I
931 3878 1175 3954 constituet.

412 4001 592 4077 Ratione
623 3994 951 4104 specificationis
970 4023 1024 4075 ex
1050 4020 1202 4103 ponere
1220 3997 1314 4074 finis
1333 4020 1427 4096 pro-

306 4125 410 4200 ximi
431 4133 472 4199 et
492 4126 721 4221 adaequati
741 4125 978 4222 pendentis,
1000 4122 1191 4198 Ecclesia
1213 4135 1276 4197 est
1296 4124 1429 4198 socie·
1459 4207 1462 4216 ,

306 4257 373 4324 tas
391 4243 651 4352 spiritualis,
673 4249 853 4346 ideoque
873 4271 899 4324 a
918 4249 1041 4324 Statu
1061 4240 1280 4343 distincta,
1304 4249 1431 4344 eique
