3096 4986
540 347 700 404 ..13-

79 493 230 558 damnata
247 495 307 556 est
321 491 367 556 ab
385 490 533 574 egregio
550 489 726 554 Pontiflce
740 487 806 554 Pio
830 487 884 554 IX
899 489 937 554 in
965 489 1182 572 propositio·

80 598 166 662 uibus
176 597 259 678 XX,
269 597 354 663 XLI
366 603 404 662 et
416 596 534 662 XLIX
547 595 687 678 Syllabi
700 596 753 660 ita
766 596 965 679 conceptis:
979 595 1183 660 iix-“Ec-

80 705 267 770 clesiastico
286 709 450 787 potestas
467 721 569 768 suom
582 703 838 768 auctoritatem
851 719 1025 768 exercere
1038 721 1110 766 non
1124 702 1182 768 de·

81 811 138 890 bet,
155 811 293 894 absque
310 811 430 876 civilis
447 811 614 892 gubernii
628 809 738 874 venia
770 814 807 874 et
838 827 1023 892 assensu„;
1057 809 1185 873 XLI—

83 915 191 981 “civili
206 917 421 1000 potestati...
438 917 612 999 competit
638 915 770 980 nedum
780 916 840 996 jus
854 915 950 998 quod
977 922 1111 980 vocant
1128 936 1184 980 ec·

81 1031 236 1107 sequatur,
255 1023 323 1088 scd
349 1023 460 1088 etiam
486 1023 545 1104 jus
563 1023 825 1107 appellationis,
841 1039 949 1104 quam
974 1024 1187 1104 nuncupant

81 1131 113 1194 nt
127 1131 264 1214 utacu„;
284 1126 601 1195 XLIX-“Civilis
618 1129 817 1192 auctoritas
846 1133 967 1211 potest
994 1127 1183 1210 impedire,

83 1237 251 1316 quominus
264 1251 455 1300 sacrorum
472 1233 654 1299 antistites
671 1239 707 1298 et
719 1233 845 1299 fideles
869 1235 1092 1317 populicum
1119 1233 1186 1298 Ro-

84 1357 170 1406 mano
187 1341 366 1406 Pontifice
383 1340 498 1405 libere
515 1357 559 1404 ac
577 1349 699 1404 mutuo
717 1341 1018 1424 communicent,.

155 1445 321 1530 Denique
340 1447 521 1512 Vaticana
538 1445 705 1528 Synodus
722 1447 757 1510 in
776 1443 1040 1511 Constitutione
1065 1444 1109 1508 de
1122 1443 1189 1508 Ec·

85 1552 177 1616 clesia
190 1551 328 1618 Christi
345 1553 471 1620 Pastor
484 1561 645 1618 aeternus
658 1553 796 1616 centies
809 1552 923 1616 citata
938 1557 975 1616 et
1003 1567 1188 1632 nunquam
1221 1577 1223 1584 r

87 1659 157 1722 uatis
169 1659 321 1724 laudata
338 1665 576 1724 memoratum
595 1675 755 1722 errorem
770 1675 894 1722 rursus
904 1657 1187 1722 anathematiza·

88 1767 138 1826 uit:
156 1761 298 1846 “Quare
315 1765 529 1828 damnamus
547 1781 592 1828 ac
609 1765 848 1846 reprobamus
872 1764 1016 1829 illorum
1045 1769 1189 1827 senten·

89 1869 153 1949 tius,
170 1873 227 1954 qui
239 1873 336 1936 hanc
353 1871 513 1953 supremi
532 1869 671 1952 Capitis
685 1887 766 1934 cum
784 1871 994 1935 Pastoribus
1018 1877 1055 1934 et
1071 1870 1189 1952 gregi·
1253 1899 1257 1905 ·

87 1973 140 2038 hus
154 1977 516 2042 communicationem
534 1976 634 2040 licite
652 1976 828 2058 impedire
844 1993 951 2059 posse
983 1977 1119 2056 dicunt,
1138 1977 1190 2038 ita

89 2089 118 2144 ut
129 2084 344 2150 contendant
358 2101 453 2166 quae
470 2083 516 2146 ab
531 2083 745 2165 Apostolica
757 2082 849 2148 Sede
867 2083 927 2148 vel
938 2084 1016 2164 ejus
1035 2083 1190 2146 auctori-

90 2191 149 2252 tate
164 2191 206 2255 ad
220 2191 386 2273 regimen
403 2188 592 2254 Ecclesiae
610 2190 890 2272 constituuntur,
908 2191 982 2254 vim
1014 2207 1058 2252 ac
1091 2189 1190 2252 valo-

91 2309 150 2359 rem
166 2315 235 2362 non
252 2297 404 2378 habere,
421 2295 493 2360 uisi
510 2296 704 2378 potestatis
720 2297 921 2361 saecularis
939 2295 1076 2379 placito
1109 2311 1191 2358 con-

92 2399 279 2489 firmentur,
298 2405 360 2486 (1).
476 2445 479 2450 ‚

496 2559 764 2627 osuucmouus.

162 2781 192 2846 7.
241 2783 451 2865 Regalistae
468 2801 534 2866 pro
544 2783 677 2868 placito
690 2783 784 2868 nepio
797 2781 868 2846 tria
900 2781 1102 2864 praecipua
1139 2797 1194 2844 ac·

94 2897 246 2966 gumenta
278 2891 416 2955 afferre
456 2891 588 2972 solent,
617 2909 709 2974 quae
743 2891 780 2954 in
805 2889 979 2954 trutinam
1016 2903 1195 2952 revocare

95 3003 228 3080 oportet,
250 3003 289 3061 nt
301 2996 553 3080 quodcumque
570 2997 845 3062 fundamentum
861 2995 923 3060 vel
941 2995 1062 3078 potius
1089 2993 1195 3058 inuti·

94 3097 128 3162 lis
141 3109 348 3184 praetextus
366 3103 472 3186 hujus
490 3103 709 3168 damnabilis
734 3103 868 3167 abusus
886 3119 1036 3185 prorsus
1060 3101 1195 3165 evella-

95 3209 150 3287 tur;
176 3213 438 3293 praerogativa
469 3212 573 3294 regia
605 3211 729 3276 Bullas
759 3210 969 3275 Pontificius
995 3207 1196 3288 retenendi,

95 3326 208 3396 casque
235 3317 394 3382 examini
425 3317 487 3382 vel
519 3317 695 3382 revisioni
726 3317 956 3399 subjiciendi,
985 3317 1198 3397 priusquam

95 3420 306 3506 mulgentur,
318 3427 487 3488 asserunt
500 3423 622 3503 aulici,
636 3425 761 3488 nititur
774 3421 910 3506 triplici
921 3421 995 3502 Juri
1009 3421 1197 3484 inconcus·
1240 3403 1244 3412 ’

96 3539 127 3586 so
138 3535 241 3612 atque
255 3529 459 3595 firmissimo
474 3529 695 3612 Principum,
708 3529 888 3610 nimirum,
899 3527 973 3609 juri
985 3527 1116 3608 tuendi,
1124 3525 1200 3609 J'uri

98 3637 238 3716 cavendi,
255 3640 365 3720 atque
379 3636 454 3718 Juri
466 3637 619 3723 rependi.

169 3739 309 3826 Object.
331 3741 379 3808 1.·
428 3740 551 3808 Status
568 3743 688 3808 civilis
706 3748 816 3825 atque
839 3741 1028 3825 Principes
1052 3741 1114 3805 vel
1138 3738 1200 3805 Su·
1254 3786 1256 3792 -

98 3849 195 3922 premi
207 3849 286 3931 eius
302 3847 552 3914 Moderatores
570 3850 708 3934 absque
722 3847 830 3914 dubio
845 3848 929 3930 juro
942 3847 1082 3932 pollent
1099 3853 1201 3910 tuen·

98 3947 210 4034 dijura
225 3953 425 4038 societatis,
444 3958 481 4020 et
507 3955 647 4038 scipsos
676 3972 830 4037 eamque
857 3972 880 4018 a
904 3968 1132 4036 quacumque
1148 3951 1201 4016 in·

99 4102 239 4121 ’.ᾗ

153 4236 189 4305 (t)
224 4235 292 4307 Gap.
305 4235 361 4292 111.
