3038 4994
558 325 740 384 4251-

99 463 244 531 dominio
261 469 460 550 temporali
484 467 518 533 S.
538 467 641 533 sedIs
659 470 817 534 omnium
832 469 1078 534 sacratIssimo
1096 474 1132 536 et
1149 487 1210 535 an-

97 571 291 653 tiquissimo
304 575 486 638 violenter
510 581 547 638 et
564 576 687 656 ianue
704 593 847 654 everso,
866 593 1008 640 necnon
1025 594 1211 657 suprema-

97 678 138 739 tia
154 677 354 761 Pontificis,
371 683 662 763 praescriptione
679 681 868 746 duodecim
885 683 1112 772 saeculorum
1130 701 1211 745 san-

28 795 30 880 ζ
94 784 170 864 cita,
189 785 270 850 dire
299 793 335 850 et
360 788 498 851 acriter
521 789 747 870 impugnata,
766 789 856 852 nihil
884 789 1051 870 equidem
1078 789 1211 852 stabile

28 889 29 912 ³
95 909 131 955 ao
146 893 257 958 lixum
276 901 454 974 remanet3
474 901 699 980 quocumque
717 913 872 978 namque
896 899 1090 978 praetextu
1106 895 1208 958 invo-

95 1005 168 1064 cato
183 1001 249 1064 vel
266 1002 408 1066 ratione
425 1001 576 1083 politica
593 1003 805 1083 adinventa,
820 1002 952 1066 limites
969 1001 1210 1066 territoriales

93 1107 274 1171 nationum
297 1108 476 1188 perfacile
492 1109 626 1172 mutari
642 1116 806 1190 possunt,
821 1111 1028 1191 proprietas
1045 1107 1211 1173 Statuum

92 1213 201 1278 lubitu
219 1215 436 1296 potentioris
461 1215 597 1296 injuste
614 1215 748 1280 vlolari
764 1216 879 1297 valet,
897 1221 1007 1297 atque
1023 1215 1092 1297 ipsi
1110 1215 1210 1279 Prin-

93 1321 184 1402 cipes
201 1327 338 1386 etrono
354 1322 437 1402 ejici
451 1327 488 1385 et
500 1341 523 1385 a
537 1321 688 1403 cuspide
701 1324 845 1405 imperii
859 1324 1046 1388 deturbari
1060 1329 1209 1404 queunt.

174 1429 227 1492 32>
273 1429 448 1511 Tandem,
468 1447 619 1494 necesse
649 1435 705 1493 est
733 1432 997 1495 recentioribus
1016 1431 1209 1514 Loapobar-

94 1533 144 1598 dfe
160 1535 306 1599 auferre
322 1537 487 1623 justitias
511 1536 545 1601 S.
567 1537 673 1616 Patri,
692 1555 827 1620 easque
853 1537 1014 1601 Romano
1045 1535 1211 1600 Pontifici

94 1640 205 1704 denuo
230 1643 436 1722 restituere,
455 1644 549 1706 sicut
565 1643 681 1724 Reges
705 1643 929 1707 Francorum
959 1643 1105 1706 saeculo
1123 1642 1210 1707 VIII

95 1749 207 1811 terras
230 1767 274 1812 ac
292 1748 451 1812 dominia
476 1747 511 1812 S.
539 1747 641 1813 Sedis
658 1767 680 1812 a
708 1751 913 1831 rapacitate
930 1755 1096 1813 veterum
1119 1749 1211 1814 Lon·

95 1854 331 1933 gobardorum
350 1856 530 1937 eripuere.

176 1961 220 2026 nt
248 1980 290 2026 re
308 1962 452 2044 quidem
471 1981 574 2044 vera,
593 1967 699 2045 urget
724 1963 901 2045 ejusmodi
918 1963 1089 2026 solemnis
1106 1979 1210 2042 repa-

78 2069 183 2132 .ratio
200 2075 310 2152 atque
336 2069 537 2150 justissima
567 2070 843 2152 redintegratio:
863 2069 891 2153 ⁸)
908 2069 955 2132 ad
979 2085 1210 2149 compescen·

95 2172 172 2237 dam
201 2175 478 2240 immoderatam
512 2177 744 2240 ambitionem
779 2177 986 2258 Principum
1020 2193 1064 2238 ac
1094 2173 1209 2255 Impe-

99 2281 260 2363 rantium,
295 2284 357 2364 qui
390 2285 607 2365 impunitate
639 2284 765 2347 confisi
796 2284 894 2346 bella
924 2283 1048 2364 iniqua
1079 2285 1212 2362 gerunt

99 2390 314 2470 nequissima
331 2395 451 2453 mente
468 2390 622 2471 populos
639 2391 879 2453 inoffensivos
904 2407 970 2452 sua
990 2389 1086 2469 jura,
1106 2387 1206 2450 ditio-

97 2509 155 2556 nes
166 2513 208 2558 ac
220 2494 542 2577 independenIIam
557 2505 700 2560 tuentes
714 2496 944 2578 subJugandi,
960 2496 1211 2577 depauperan-

98 2598 130 2661 di
145 2603 199 2664 vel
217 2602 460 2684 exspoliandi,
481 2605 533 2666 uti
563 2620 679 2684 nuper
708 2612 861 2684 egerunt
878 2603 999 2668 Status
1016 2601 1211 2666 Foederati

98 2705 290 2790 Americae,
309 2707 472 2791 Hispano
498 2709 655 2790 Imperio
681 2711 951 2791 antiquissimas
977 2708 1145 2774 Coloniae
1164 2709 1212 2773 ab

99 2811 168 2892 ipso
186 2815 350 2879 detectas
370 2815 567 2897 omnesque
585 2834 669 2878 suas
687 2818 935 2896 possessiones
952 2817 1211 2880 ultramarinas

99 2927 216 2998 aperta
239 2921 375 3002 lnjuria
400 2928 436 2984 et
459 2922 642 2984 insidiosis
667 2923 805 2985 artibus
823 2923 1079 3004 subripientes,
1099 2929 1135 2985 ct
1151 2923 1211 2985 ho·

97 3021 149 3087 die
164 3027 287 3090 facere
305 3033 457 3091 conatur
482 3028 615 3109 Anglia
633 3045 713 3092 curn
727 3029 859 3109 exigua
877 3032 913 3091 et
930 3034 1079 3092 strenua
1096 3028 1211 3108 Repu·

100 3127 185 3195 blica
201 3133 500 3208 Transvaalensi;
518 3131 545 3216 bJ
563 3133 609 3198 ad
626 3134 888 3198 retundendam
906 3136 1083 3198 effrenem
1100 3134 1210 3196 auda·

101 3237 183 3302 ciam
212 3241 451 3321 quorumdam
470 3241 852 3322 pseudopoliticorum,
871 3243 932 3322 qui
956 3241 1212 3322 praepotentia

100 3350 133 3405 et
160 3346 330 3428 superbia
357 3348 442 3411 freti
472 3349 516 3412 de
547 3349 692 3430 populis
721 3348 940 3428 extenuatis,
971 3346 1212 3428 degentibus

93 3451 232 3534 exiguis
251 3459 288 3518 et
304 3455 513 3518 nationibus
535 3455 686 3518 infirmiS
710 3453 821 3518 hicet
847 3469 943 3516 niano
966 3453 1070 3517 nobis
1097 3453 1210 3534 lmpu·

100 3553 216 3624 denter
248 3561 458 3642 loquuntur,
488 3561 593 3626 velut
625 3563 833 3644 nuperrime
864 3563 974 3625 etlam
1007 3560 1213 3624 declaravit

91 3667 236 3743 suidam
260 3667 426 3733 Minister
446 3667 620 3734 Gubernii
645 3669 846 3734 Britannici
863 3669 1002 3732 tristem
1020 3668 1211 3732 celebrIta·

100 3774 163 3835 tem
190 3780 331 3855 nactus;
351 3777 376 3854 ο)
406 3775 453 3838 ad
478 3775 711 3856 disjiciendas
741 3775 1029 3838 machinationes
1042 3785 1079 3837 et
1094 3773 1211 3854 repel-

100 3871 215 3944 lendas
246 3881 501 3962 aggressiones
518 3881 662 3944 illorum
680 3880 857 3961 Statuam,
875 3881 936 3962 qui
953 3881 1079 3944 eadem
1097 3880 1209 3960 impu·

101 3981 204 4048 nitate
220 3991 258 4049 et
280 3987 422 4050 exitiali
438 4007 508 4052 aaa
524 3988 736 4051 interventus
753 3987 932 4068 principio
961 3985 1077 4050 fulciti
1094 4001 1212 4048 novas

101 4091 313 4156 annexiones
345 4109 409 4156 seu
441 4093 563 4174 potius
597 4091 901 4173 depraedationes
932 4092 1140 4170 moliuntur,
1174 4093 1214 4155 et

92 4189 288 4262 divisiones
315 4197 558 4263 territoriales
586 4199 624 4262 in
642 4198 785 4262 occulto
802 4197 1020 4281 silentioque
1037 4196 1212 4262 meditan-
