3028 4992
807 353 985 412 -334-

330 513 456 562 cessar
474 495 681 560 exoniensis
710 495 859 560 soeculo
876 495 980 562 XVII
999 495 1223 578 (annotato)
1249 495 1462 560 denomina-

330 604 420 668 tioni
436 601 457 668 J
462 603 515 666 uri
529 601 698 668 Gentium
713 603 859 667 suiieoit
884 621 1014 668 nomen
1030 603 1052 668 J
1057 603 1129 668 uris
1153 603 1386 668 intrudentes
1399 605 1460 684 (1),

330 710 501 792 quoniam
519 707 721 792 disquisitio
741 710 959 773 versabatur
972 727 1043 774 non
1074 710 1111 774 in
1144 709 1363 791 vestigando
1379 711 1462 790 jure

330 817 479 898 proprio
498 816 780 898 uniuscujusque
794 817 926 898 gentis,
941 815 1005 880 sed
1022 816 1059 880 in
1078 815 1355 879 determinando
1367 816 1460 897 jure,

330 921 427 1005 qnod
447 927 589 986 mutuas
614 921 841 987 diversarum
860 923 1021 1002 gentium
1039 921 1237 986 relationes
1255 921 1416 1002 regulet.

419 1028 603 1108 Nonnulli,
622 1029 811 1110 supposita
839 1037 875 1092 et
893 1029 1148 1110 praestabilius
1165 1028 1345 1092 divisione
1362 1027 1384 1092 J
1390 1028 1460 1092 uris

331 1135 471 1199 Publici
488 1135 523 1198 iu
542 1135 713 1199 internum
731 1135 945 1216 (politicum)
964 1141 1074 1216 atque
1087 1143 1266 1200 externum
1284 1136 1458 1216 (iuterna-

331 1241 494 1323 tionale),
509 1240 530 1304 J
535 1258 574 1304 us
592 1240 636 1304 de
654 1259 723 1322 quo
742 1242 778 1304 in
797 1243 1087 1322 praesentiarum
1116 1241 1248 1322 agitur,
1268 1241 1459 1322 appellare

331 1347 537 1412 maluerunt
552 1345 572 1410 J
578 1363 617 1410 us
635 1345 820 1410 Publicum
835 1347 1041 1428 Externum,
1061 1365 1155 1430 quae
1187 1347 1335 1429 quidem
1353 1347 1458 1410 deno·

331 1453 479 1518 minatio
508 1451 612 1516 nobis
644 1451 789 1515 videtur
822 1453 1080 1534 expungenda,
1113 1461 1238 1534 utpote
1262 1453 1459 1516 arbitraria

330 1561 528 1642 partitione
542 1559 679 1636 innixa3
699 1557 778 1620 dari
792 1559 888 1622 enirn
906 1565 941 1622 et
956 1561 1099 1641 concipi
1118 1567 1239 1642 potest
1255 1560 1356 1641 apud
1385 1559 1458 1622 Sta-

331 1673 388 1732 tus
406 1667 586 1749 quoddam
600 1667 660 1746 jus
679 1667 859 1748 publicum
879 1673 1085 1746 externum,
1106 1664 1202 1747 qnod
1235 1673 1361 1729 tamen
1395 1683 1458 1729 neo

331 1773 614 1838 internetionale
632 1773 691 1852 sit,
706 1790 824 1855 neque
842 1771 910 1836 hoo
929 1773 1073 1837 nomine
1105 1773 1233 1836 vocari
1263 1777 1390 1854 queat,
1410 1771 1457 1836 uti

250 1861 254 1870 ¹
327 1882 387 1962 jus
400 1881 628 1963 provinciale
639 1881 700 1944 vel
714 1881 946 1962 municipale,
960 1881 1141 1944 internum
1156 1879 1325 1961 equidem
1341 1879 1458 1962 quoad

331 1988 559 2069 provinciam
591 1987 651 2050 vel
684 1988 932 2068 municipium,
960 1986 1024 2050 sed
1056 1985 1177 2067 quoad
1194 1986 1382 2050 nationem
1399 1995 1456 2048 eut

330 2099 464 2158 statum
479 2094 601 2175 aliquo
619 2111 728 2158 sensu
746 2101 949 2158 externum.
1505 2169 1506 2174 ἵ

420 2201 492 2264 ΑΙίἰ
509 2217 597 2264 vero
618 2205 743 2263 rentur
758 2199 961 2276 hujusmodi
985 2200 1044 2280 jus
1075 2205 1176 2264 reete
1208 2198 1456 2280 cognominari

331 2324 439 2388 posse
454 2305 518 2370 Jus
536 2305 723 2370 Publioum
740 2305 949 2389 Europeum,
968 2323 1010 2370 eo
1043 2305 1139 2388 quod
1172 2307 1209 2369 in
1237 2306 1307 2369 hae
1339 2305 1456 2370 mundi
1505 2321 1506 2342 ³

331 2414 481 2496 regione
494 2417 611 2476 ortum
628 2411 971 2476 habueritevolntio
1000 2417 1110 2494 atque
1140 2413 1350 2494 acceptatio
1382 2429 1454 2475 suo·

331 2539 409 2584 rum
425 2519 698 2602 principiorum;
718 2525 756 2582 at
773 2517 863 2582 haec
881 2520 1036 2584 assertio
1063 2520 1245 2601 genuinae
1275 2519 1392 2584 nostri
1406 2520 1454 2599 ju·

331 2629 380 2690 ris
398 2626 536 2690 notioni
554 2625 662 2707 plane
680 2626 911 2706 adversatur,
928 2626 1023 2708 quod
1041 2627 1078 2690 in
1095 2645 1159 2692 suo
1186 2625 1346 2708 juridico
1378 2643 1453 2690 eon-

332 2741 439 2812 oeptu
468 2731 662 2815 quamdam
693 2733 1010 2797 universalitatem
1035 2733 1221 2815 importat,
1252 2741 1289 2797 et
1321 2732 1454 2797 cunctis

332 2839 430 2901 orbis
448 2837 565 2919 plagis
583 2838 763 2919 applicari
780 2838 899 2900 debet.

420 2943 499 3006 Non
516 2944 647 3008 desunt
664 2944 774 3008 etiam
784 2944 1048 3024 jurisconsulti,
1081 2945 1209 3026 quibus
1241 2946 1340 3009 hanc
1368 2945 1452 3025 juris
1504 2989 1505 2994 η

332 3051 570 3131 propaginem
597 3051 712 3132 magis
745 3049 882 3114 arridet
913 3049 978 3115 Jus
1008 3050 1197 3115 Publioum
1224 3049 1453 3118 Curiatiorum
1504 3053 1505 3096 ἰ

332 3174 556 3238 nuncupare3
576 3156 640 3220 sed
656 3175 876 3238 quamquam
889 3157 1068 3222 salutaria
1082 3155 1353 3222 Christianismi
1365 3157 1451 3240 prin·
1504 3161 1505 3240 ξ

332 3265 429 3346 oipiu
442 3263 736 3327 constitutionem
761 3263 866 3342 huJus
895 3264 988 3344 juris
1021 3265 1221 3346 praecipue
1249 3263 1449 3340 informent,

331 3371 483 3452 ejusque
500 3371 682 3451 objectum
700 3371 843 3452 penitus
861 3370 1081 3452 pervadant,
1100 3388 1173 3434 non
1203 3370 1351 3436 videtur
1380 3386 1450 3452 pro·

332 3479 413 3559 pria
431 3483 466 3541 et
479 3482 537 3541 sat
554 3476 760 3558 adaequata
772 3477 962 3558 praedicta
979 3478 1196 3561 appellatio,
1208 3479 1345 3561 quippe
1361 3486 1448 3554 tunc,

332 3585 384 3647 uti
402 3583 608 3664 nuperrime
627 3583 963 3666 animadvertimus,
978 3584 1152 3650 limitibus
1177 3586 1451 3667 restringeretur

331 3690 431 3754 notio
449 3689 668 3753 universalis
681 3688 703 3752 J
707 3690 779 3752 uris
798 3689 893 3753 inter
906 3689 1055 3756 Gentes.

420 3795 442 3860 J
447 3813 486 3859 us
510 3795 671 3860 Statuam
688 3796 837 3879 insuper
854 3802 987 3861 vocata
1005 3803 1060 3862 est
1079 3797 1275 3880 disciplina
1288 3797 1448 3878 juridica,

332 3901 378 3966 de
396 3919 469 3982 qua
485 3901 591 3964 modo
610 3901 713 3964 nobis
730 3903 1030 3984 pertractandum
1044 3905 1126 3986 erit,
1143 3919 1276 3968 nomen
1294 3906 1448 3986 protecto
1503 3921 1504 3964 1

335 4039 492 4050 ——,

404 4163 441 4228 (l)
478 4163 512 4214 ln
526 4179 620 4230 opere,
634 4164 678 4216 oui
690 4166 797 4217 titulus:
824 4165 945 4220 Juruet
963 4165 1066 4234 judicii
1083 4167 1365 4240 fecialis,aioejurir
1386 4169 1450 4221 iuter

331 4235 424 4300 prutes
436 4236 462 4286 et
474 4234 660 4300 quaestionum
673 4235 705 4287 de
717 4235 805 4289 eodem
815 4237 969 4304 explicatis.
