3028 4992
795 359 972 420 ..333-

327 505 493 587 periecta
510 505 712 570 memoratu
729 503 853 584 digna,
871 503 1028 586 adquae
1047 505 1196 568 caetera
1214 502 1335 566 omnia
1354 519 1452 566 eom·

327 610 432 676 mode
445 611 613 676 revocari
630 619 793 692 possunt,
812 627 955 692 nempe,
974 610 1162 692 suppetias
1180 609 1276 674 ferre
1290 609 1451 672 nationi·

326 721 393 786 bus
410 719 445 783 in
463 717 681 784 necessitate
714 717 933 796 constitutis,
952 714 1160 796 eisdemque
1183 713 1280 778 bona
1296 715 1452 795 propria

327 824 608 892 communicare.

417 929 467 994 l.⁰
514 927 673 1008 Quaevis
690 927 789 992 natio
807 931 952 992 tenetur
967 926 1132 1009 equidem
1147 926 1254 990 alteri
1272 925 1454 990 auxilium

327 1037 518 1119 praebere,
537 1051 632 1117 quae
649 1033 744 1098 forte
756 1033 863 1114 gravi
880 1033 1004 1115 aliqua
1028 1033 1229 1114 indigentia
1256 1033 1319 1098 vel
1353 1033 1449 1096 cala·

326 1145 452 1209 mitate
469 1143 623 1220 laboret,
642 1140 785 1204 etiamsi
811 1141 894 1204 leve
908 1139 1055 1222 aliquod
1087 1139 1356 1204 incommodum
1388 1143 1451 1202 aut

327 1249 528 1333 periculum
560 1248 681 1312 subire
699 1253 863 1330 cogatur:
882 1246 967 1311 hine
983 1247 1012 1326 ⁸)
1030 1247 1061 1310 si
1079 1246 1222 1329 quando
1256 1249 1449 1328 contingat

327 1361 366 1421 ut
378 1355 500 1420 Status
516 1354 635 1418 affluis
649 1354 819 1418 intestino
837 1357 874 1418 et
890 1353 991 1418 civili
1018 1353 1114 1418 bello
1148 1353 1333 1416 laceretur
1368 1370 1452 1416 oum

220 1487 224 1494 ·
327 1452 489 1528 evidedti
502 1462 649 1542 Jaotura
666 1477 754 1523 suae
771 1460 1001 1540 existentiae,
1032 1463 1096 1522 aut
1113 1476 1194 1524 eum
1212 1459 1325 1524 bostis
1344 1476 1447 1541 prae·

326 1577 456 1653 potens
480 1570 612 1650 inJuste
630 1567 794 1648 invadat,
826 1567 989 1631 ebaritas
1020 1566 1315 1632 internationalis
1344 1566 1453 1646 jubet

327 1685 365 1742 ut
382 1677 525 1741 vicinae
542 1675 720 1754 nationes,
739 1674 860 1754 quoad
877 1673 955 1738 fleri
973 1675 1099 1755 possit,
1119 1690 1225 1756 opem
1246 1673 1380 1753 ferent,
1398 1672 1447 1753 ip-

326 1799 477 1864 sumque
494 1800 514 1845 s
531 1780 692 1862 perieulo
722 1781 893 1861 eripiant;
912 1780 1128 1860 praesertim
1157 1779 1188 1842 si
1216 1795 1318 1860 gens,
1355 1795 1452 1860 quae

327 1887 599 1970 aggressionem
617 1886 766 1968 patitur,
801 1885 1022 1966 praesidium
1051 1885 1240 1967 deposcat3
1256 1881 1282 1962 b)
1300 1885 1332 1948 si
1366 1901 1444 1947 eve·

326 1995 567 2076 niatiusuper
585 1999 623 2056 ut
644 1993 765 2056 status
797 1991 968 2056 finitimus
1001 1992 1109 2070 saure,
1144 1991 1357 2073 pestilentIa
1388 1995 1448 2054 aut

326 2100 407 2164 aliis
425 2099 607 2164 aerumnis
623 2099 820 2179 affligatur,
836 2105 965 2180 gentes
978 2099 1218 2180 propinquae,
1233 2097 1356 2179 quoad
1368 2115 1446 2179 pos·

325 2215 420 2289 sunt,
451 2207 520 2288 ipsi
537 2205 710 2287 opitulari
742 2205 888 2286 debent,
909 2205 979 2270 nisi
1011 2205 1176 2270 eamdem
1200 2205 1449 2268 calamitatem

326 2321 389 2378 aut
405 2312 592 2378 consimile
617 2311 749 2374 malum
769 2311 911 2392 perpeti
940 2317 1184 2392 exponantur:
1219 2315 1371 2375 servata
1388 2326 1444 2373 au·

326 2425 398 2484 tem
430 2417 634 2499 huiusmodi
661 2415 824 2498 legitima
854 2417 1037 2496 cautione,
1071 2417 1256 2498 quaelibet
1288 2417 1448 2480 societas

325 2542 469 2606 semper
487 2523 724 2602 obstringitur
739 2521 858 2586 oflieio
876 2522 1028 2588 ourandl
1045 2527 1157 2604 atque
1173 2539 1239 2586 sua
1270 2539 1385 2604 opera
1412 2523 1446 2584 et

325 2631 464 2694 viribus
496 2628 638 2694 tutandi
655 2629 811 2692 salutem
843 2645 888 2692 ao
904 2628 1186 2716 prosperitatem
1218 2633 1448 2692 caeterarum

326 2739 498 2820 gentium.

414 2842 466 2907 29
512 2841 749 2923 Exploratum
779 2846 995 2924 quoqueest
1026 2841 1195 2906 nationes
1227 2839 1445 2904 commercia

325 2957 363 3016 et
376 2948 661 3033 permutationes
677 2965 797 3012 rerum
815 2947 1106 3012 necessariarum
1121 2951 1184 3010 aut
1197 2946 1339 3010 utilium
1353 2947 1445 3010 inter

325 3075 364 3122 se
381 3057 509 3122 lovere
537 3061 610 3118 tum
643 3063 793 3136 propter
811 3054 996 3136 propriam
1015 3053 1222 3133 utilitatem,
1246 3059 1321 3116 tum
1340 3069 1443 3135 prop-

324 3170 381 3228 ter
409 3169 569 3228 mutuum
601 3161 776 3224 auxilium
795 3167 832 3224 et
849 3161 1093 3224 necessarium
1125 3159 1315 3240 Juvamon,
1351 3155 1445 3240 quod

324 3271 393 3334 sibi
406 3273 596 3350 praestare
613 3265 757 3345 debens
774 3266 974 3345 enimvero,
994 3283 1075 3330 oum
1089 3283 1161 3330 non
1176 3265 1298 3330 omnia
1314 3266 1445 3346 ubique

324 3377 531 3457 gignantur,
549 3373 614 3438 sed
630 3373 717 3436 alibi
735 3373 921 3436 abundent
951 3373 1087 3454 fruges,
1106 3372 1195 3436 alibi
1213 3387 1363 3454 pecora,
1382 3371 1441 3434 ali-

323 3479 710 3546 bimetallaetsiode
743 3479 1006 3559 aliisplurimis
1039 3480 1160 3558 rebus,
1191 3478 1338 3542 videtur
1366 3479 1442 3559 ipsa
1511 3511 1512 3564 3

323 3597 456 3654 natura
487 3587 685 3652 intendisse
711 3587 780 3649 hac
798 3585 842 3649 de
859 3603 972 3650 eausa
999 3585 1192 3668 quamdam
1221 3585 1438 3666 conjunctio·
1511 3609 1512 3663 q

324 3711 406 3758 nem
423 3694 596 3776 gentium,
614 3692 793 3774 simulque
824 3691 1052 3774 reciprocam
1069 3691 1280 3756 earumdem
1313 3691 1444 3773 depen-

324 3799 482 3864 dentiam
507 3817 551 3864 ae
567 3798 844 3878 subJeotionem3
864 3799 1151 3880 conjuactionem,
1170 3798 1341 3880 quoniam
1361 3813 1445 3880 gene

324 3911 396 3970 tem
425 3923 533 3970 unam
572 3903 619 3967 ad
660 3901 999 3968 communicandum
1028 3921 1109 3968 oum
1142 3903 1216 3968 alia
1246 3902 1443 3980 ordinavit,

324 4013 505 4094 etiamque
522 4011 560 4075 vi
578 4010 716 4092 proprii
729 4008 908 4074 commodi
936 4009 983 4072 ad
1000 4008 1281 4075 benevolentiae
1306 4008 1439 4074 exerci-

324 4117 412 4182 tium
430 4117 636 4194 obstrinxit;
656 4117 932 4199 dependentium,
948 4115 1083 4199 quippe
1097 4115 1336 4199 indigentiae,
1352 4130 1444 4198 quae

322 4238 371 4286 ex
388 4220 458 4286 heo
473 4221 648 4286 bonorum
665 4219 912 4303 discrepantia
927 4225 1161 4305 enascuntur,
1181 4229 1330 4288 mutuae
1362 4223 1445 4286 sunt
