3058 4994
589 382 764 440 -487-

110 543 246 590 naves:
262 527 412 607 navigia
428 527 622 592 tabellaria
638 526 825 611 (correus),
846 527 982 592 classes
1000 525 1234 610 expeditioni·

110 632 184 697 bus
202 633 410 698 scientificis
427 635 583 714 dicatae,
604 635 751 699 carinae
768 634 806 698 in
821 634 1066 700 nosocomium
1086 650 1235 698 conver·

110 755 181 802 sae
199 738 437 822 (hospitales),
457 747 554 806 rates
582 741 811 823 naufragium
844 759 989 824 passae,
1020 746 1129 822 atque
1159 757 1236 804 sca·

111 845 213 927 phae
230 847 395 927 (lanchua
413 847 456 912 de
475 849 631 930 pascar).

208 952 335 1033 Quoad
348 955 543 1020 secundum
562 973 676 1038 genus
692 955 911 1039 praedarum
928 953 1078 1036 navigia
1091 955 1236 1017 neutra-

110 1059 204 1124 lium
222 1070 396 1142 capturae
415 1062 572 1128 obnoxia
587 1069 789 1143 remanent,
825 1063 948 1126 statim
965 1078 1009 1126 ac
1026 1059 1234 1124 neutralita-

111 1172 191 1232 tem
216 1166 366 1244 uiolent3
385 1167 553 1234 desinunt
585 1177 707 1234 autem
739 1167 860 1234 officia
891 1167 1052 1234 Statibus
1085 1164 1236 1244 neutris,

111 1291 209 1356 quos
226 1281 515 1359 repraesentant,
531 1277 694 1358 inJuncta
712 1275 915 1340 servarein
929 1272 1237 1356 tripiicipraeser·

111 1380 182 1444 tim
200 1397 299 1444 casu:
319 1380 346 1460 ⁸)
365 1399 445 1448 cum
473 1399 612 1448 merces
630 1383 667 1448 in
684 1383 779 1448 bello
814 1379 1015 1465 prohibitas
1045 1377 1194 1458 vehunt;
1212 1373 1238 1460 ¹³)

111 1487 263 1569 quando
281 1489 565 1571 recognitionem
583 1489 801 1571 detrectant,
826 1489 885 1570 jus
903 1486 1123 1552 visitationis
1148 1483 1237 1548 diiii·

112 1599 249 1676 tentes;
268 1597 292 1675 ⁰)
310 1597 451 1678 quoties
469 1596 690 1662 obsidionem
708 1595 878 1678 legaliter
896 1593 1130 1660 constitutam
1158 1607 1237 1672 per·

111 1707 301 1784 rumpunt.
320 1703 611 1786 Apprehensioni
624 1705 734 1788 igitur
748 1705 900 1769 subsunt
912 1704 1062 1786 propter
1079 1697 1237 1764 inobser-

112 1812 282 1876 vantiam
301 1812 561 1895 obligationum
574 1814 792 1878 neutralium
805 1819 906 1878 rates
919 1809 1118 1892 vectoriae,
1137 1807 1239 1874 navi·

113 1919 181 2002 gia
198 1918 432 2001 praedatoria
449 1924 485 1984 et
502 1937 566 2003 per
584 1922 837 2004 exceptionem
869 1937 984 1986 naves
1013 1915 1237 1997 bellatrices,

112 2027 146 2090 si
166 2025 310 2108 quando
329 2027 389 2092 uni
402 2045 448 2092 ex
464 2027 701 2094 bellatoribus
717 2029 882 2110 faveant,
897 2033 1005 2109 atque
1023 2029 1149 2108 aperte
1179 2023 1238 2088 ho·

113 2133 221 2198 stiles
238 2151 327 2216 erga
340 2135 494 2202 alterum
510 2135 789 2218 belligerantem
805 2153 845 2201 se
863 2133 1067 2200 ostendant.

209 2242 284 2307 153.
334 2242 376 2307 In
388 2242 535 2326 praedis
551 2244 740 2308 maritimis
754 2249 829 2308 tres
843 2247 946 2307 actus
961 2241 1095 2324 optime
1115 2238 1239 2302 distin·

115 2351 180 2436 gui
193 2356 341 2433 queunt:
362 2350 411 2415 1.⁰
428 2352 565 2416 sactum
591 2352 771 2416 materiale
789 2367 853 2415 seu
878 2355 1033 2432 captura
1064 2343 1238 2429 praedam

116 2459 168 2526 2.⁰
184 2459 321 2526 factum
335 2461 485 2546 scrutate
501 2477 564 2525 seu
578 2460 753 2552 Judieium
770 2458 814 2523 de
840 2457 991 2541 praedm
1025 2455 1076 2519 3.⁰
1102 2456 1240 2519 factum

116 2570 359 2651 decretorium,
379 2568 553 2633 terminus
564 2567 741 2649 jnridicus
759 2585 823 2632 seu
839 2564 1049 2631 confiscatio
1065 2561 1240 2646 praedae.

116 2679 213 2744 Dum
230 2678 335 2744 navis
353 2676 583 2759 apprehensa
599 2676 636 2740 in
652 2674 770 2758 prima
784 2679 960 2756 capturae
973 2670 1123 2755 periodo
1137 2687 1254 2752 repe.

116 2789 224 2868 ritur,
242 2803 314 2849 non
331 2784 435 2848 adest
452 2783 589 2866 praeda
606 2783 755 2866 proprie
775 2781 885 2862 dicta;
919 2779 1051 2844 etenim
1083 2776 1129 2841 ad
1161 2793 1240 2840 eam

116 2893 318 2976 legitimam
351 2891 609 2956 declarandam
628 2907 717 2972 opus
747 2895 803 2952 est
827 2886 1008 2952 sententia
1038 2883 1239 2964 definitiva,

118 3001 246 3068 ordine
264 3000 463 3083 processali
480 3003 640 3080 servato,
659 3003 695 3062 et
707 3014 773 3080 per
799 2995 958 3062 tribunal
976 2993 1137 3077 spectate
1152 2991 1241 3074 juri·

119 3109 299 3191 edictione
317 3109 533 3172 instructum
550 3107 640 3170 lata.

209 3215 394 3298 Ejusmodi
412 3213 570 3280 tribunal
588 3213 644 3278 cui
663 3211 897 3276 committitur
929 3225 1055 3274 munus
1077 3206 1241 3288 Judican·

120 3323 157 3388 di
183 3322 226 3388 de
253 3321 483 3404 legitimitate
499 3321 560 3386 vel
578 3319 836 3402 illegitimitate
854 3321 1032 3399 capturae
1051 3314 1162 3396 vulgo
1181 3331 1241 3395 ap·

120 3429 280 3514 pellatur
307 3429 475 3494 Tribuual
499 3434 561 3492 aut
576 3425 763 3494 Consilium
795 3425 1013 3490 Praeclarum
1046 3422 1243 3486 Maritimu-

120 3559 209 3604 rum.
243 3534 349 3602 Circa
382 3537 595 3602 exercitium
637 3533 901 3616 jurisdictionis
934 3548 999 3613 pro
1035 3526 1243 3594 dirimendis

122 3643 396 3728 quaestionibus
408 3642 644 3727 praedaticiis
658 3659 791 3723 magna
802 3640 902 3721 viget
918 3638 1013 3702 inter
1026 3642 1244 3700 tractatores

122 3753 382 3834 discrepantia:
428 3751 490 3814 alii
533 3749 756 3814 contendunt
785 3747 997 3810 facultatem
1029 3743 1098 3808 hac
1132 3741 1175 3806 de
1204 3758 1245 3804 re

118 3859 306 3942 jndicandi
317 3858 434 3924 Statui
449 3857 623 3940 praedam
638 3855 796 3938 capienti
827 3859 1047 3934 competere,
1065 3850 1128 3914 alii
1144 3854 1244 3912 tuen·

123 3977 180 4032 tur
197 3966 401 4049 hujusmodi
419 3965 690 4030 attributionem
722 3963 875 4042 nationi,
895 3961 997 4042 qu‘us
1023 3963 1078 4022 est
1107 3955 1245 4038 praeda

124 4083 246 4158 capta,
266 4091 344 4139 esse
362 4073 610 4152 deferendam5
630 4071 793 4134 nonnulli
810 4086 912 4150 veru,
933 4083 1084 4149 quorum
1101 4069 1243 4129 senten·

125 4185 197 4248 tiae
214 4183 308 4247 ultro
323 4183 554 4263 assentimur,
571 4181 706 4246 rectius
725 4183 849 4244 tenent
863 4177 931 4242 boc
941 4177 1000 4258 Jus
1014 4174 1124 4240 tribui
1140 4191 1245 4256 opor·

125 4297 202 4356 tere
219 4291 360 4357 cuidam
378 4291 584 4357 auctoritati
603 4291 742 4356 cunctis
759 4287 918 4356 Statibus
931 4284 1123 4368 superiori,
1139 4289 1177 4347 ut
1192 4283 1243 4346 itu
