3096 4986
776 343 938 426 ..ιβ-

295 485 356 550 vel
373 485 496 552 damni
525 486 573 551 sit
600 487 894 569 praeferendum.
927 485 1008 551 Non
1035 485 1218 570 loquimur
1236 489 1360 550 autem
1378 483 1428 549 de

294 591 377 674 lege
394 592 505 656 noxia
521 592 584 658 vel
614 596 698 656 actu
725 591 859 673 iniusto
889 593 1118 658 auctoritatis
1146 591 1430 657 ecclesiasticae

295 697 491 780 inferioris,
512 697 695 781 quoniam,
714 697 745 761 si
761 697 829 762 boc
857 715 923 780 per
942 698 1113 764 accidens
1131 697 1311 780 eveniret,
1330 713 1428 762 sem-

296 821 363 886 per
374 803 480 868 adest
493 821 621 869 verum
641 803 839 868 remedium
856 804 902 868 ad
918 805 1144 886 superiorem
1162 804 1428 868 auctoritatem

296 909 495 992 apellandi,
512 909 598 992 quin
622 908 797 993 Princeps
822 910 883 974 vel
913 908 1036 974 Status
1053 909 1214 974 debitam
1232 908 1431 973 Ecclesiae

297 1017 579 1098 competentiam
596 1016 776 1080 inficietur
788 1016 856 1080 sibi
869 1017 1059 1081 vindicans
1077 1015 1291 1080 facultatem
1323 1015 1431 1098 leges

296 1123 567 1187 ecclesiasticas
583 1121 733 1187 videndi
760 1125 797 1187 et
825 1141 890 1187 suo
919 1123 1056 1204 jndicio
1086 1121 1318 1204 subjiciendi,
1338 1121 1432 1186 licet

298 1245 364 1311 per
389 1246 558 1310 magnam
577 1227 902 1294 contradictionem
932 1229 978 1292 ab
1013 1227 1181 1293 Ecclesia
1208 1227 1433 1308 abiudicans

298 1333 485 1416 quodlibet
496 1335 557 1416 jus
569 1336 698 1420 placiti
714 1334 752 1399 in
765 1335 905 1418 legibus
923 1335 1105 1418 civilibus,
1124 1334 1211 1417 quia
1228 1339 1313 1398 sunt
1331 1351 1432 1398 com-

297 1441 484 1522 potentiae
497 1441 629 1506 civilis.

389 1543 529 1628 Object.
545 1545 599 1610 3.ι
615 1546 743 1628 Reges,
754 1547 856 1628 alunt
871 1563 996 1610 rursus
1014 1545 1236 1628 Regalistae,
1252 1547 1290 1610 vi
1305 1545 1434 1611 civilis

300 1652 525 1734 principatus
553 1657 638 1716 sunt
654 1650 787 1717 Summi
805 1651 1032 1733 Imperantes
1049 1649 1171 1716 Status
1190 1651 1431 1736 (Suberaace),

299 1758 455 1840 ideoque
466 1759 626 1842 supremi
654 1759 813 1824 nationis
829 1759 1073 1842 legislatorem
1099 1775 1206 1824 nemo
1224 1761 1349 1841 igitur,
1369 1775 1434 1824 ne-

300 1883 371 1948 que
399 1867 508 1930 etiam
526 1865 705 1948 Ecclesia,
719 1867 820 1950 leges
836 1867 933 1930 ierre
951 1869 1070 1948 potest
1092 1867 1171 1930 sine
1200 1866 1432 1948 cognitione,

300 1972 526 2053 inspectione
545 1977 656 2054 atque
671 1971 878 2054 Principum
897 1971 1178 2053 approbatione.

390 2077 497 2159 Resp.
518 2078 566 2142 1.⁰
613 2077 649 2143 si
667 2076 789 2142 Status
806 2077 945 2159 politici
964 2078 1189 2159 suprematia
1206 2079 1380 2141 fruuntur
1396 2081 1437 2142 et

300 2181 489 2264 Principes
504 2183 715 2247 saeculares
732 2200 870 2246 summo
886 2183 1037 2264 imperio
1051 2183 1089 2246 in
1103 2182 1231 2247 ordine
1246 2189 1436 2266 tempora-

301 2289 328 2351 li
345 2288 517 2370 gaudent,
533 2287 699 2353 Ecclesia
714 2305 855 2371 quoque
868 2289 905 2352 in
917 2289 1024 2352 rebus
1038 2288 1290 2370 spiritualibus
1306 2289 1360 2352 ita
1374 2305 1435 2353 su·

303 2411 441 2476 prema,
461 2395 570 2477 plena
586 2400 623 2460 et
653 2394 820 2459 absoluta
847 2395 1129 2477 independeutia
1146 2396 1275 2479 pollet,
1296 2401 1336 2461 ut
1353 2395 1436 2461 nul-

302 2501 347 2564 lis
364 2501 537 2565 limitibus
564 2501 726 2565 locorum
758 2502 1089 2584 circumscribatur,
1109 2519 1229 2585 neque
1246 2503 1438 2568 humanae

303 2608 532 2673 auctoritatis
559 2609 711 2690 imperio
735 2609 861 2673 subsit:
880 2608 929 2674 2.⁰
960 2608 992 2672 si
1021 2610 1164 2674 ratione
1199 2610 1437 2694 principatus

303 2711 510 2778 Monarcbis
542 2717 767 2796 competeret
795 2716 854 2796 jus
876 2716 1016 2799 placiti,
1034 2715 1201 2797 proiecto
1227 2717 1341 2782 ctiam
1373 2735 1437 2781 eo-

303 2821 386 2884 dem
404 2820 605 2900 potirentur
623 2819 739 2902 Reges
752 2821 940 2902 haeretici,
960 2819 1196 2902 schismatici,
1214 2824 1437 2906 necnonjn-

304 2925 443 3006 fideles,
458 2925 554 3008 quod
569 2925 738 3008 equidem
755 2945 776 2990 a
799 2933 901 2990 recta
919 2927 1061 2992 ratione
1094 2931 1131 2992 et
1161 2928 1438 2994 fundamentali

304 3031 493 3097 Ecclesiae
507 3032 766 3096 constitutione
785 3050 933 3114 prorsus
950 3033 1135 3098 abhorret:
1154 3033 1203 3101 3?
1221 3037 1438 3118 praeventi·

304 3139 481 3222 voplucet
505 3138 827 3220 obsuprematiam
859 3137 981 3204 Status
1015 3142 1129 3205 semel
1162 3143 1363 3206 constituto
1398 3149 1439 3209 et

305 3245 444 3326 agnito,
462 3245 629 3310 Ecclesia
647 3243 751 3309 fleret
772 3245 908 3328 pej0ris
922 3245 1141 3311 conditionis
1157 3246 1247 3329 ipsis
1265 3249 1439 3333 collegiis

305 3367 372 3414 seu
388 3348 697 3414 adsociationibus
714 3351 938 3432 imperfectis
954 3349 1072 3416 Statui
1090 3351 1368 3434 subalternatim
1389 3355 1438 3420 si-

305 3453 450 3539 quidem
465 3455 562 3537 apud
586 3473 711 3520 omnes
725 3455 877 3536 juristae
895 3459 1133 3522 communiter
1161 3464 1352 3542 receptum
1378 3465 1439 3526 est

305 3561 447 3626 Statum
475 3562 625 3643 ejusque
655 3561 921 3626 Moderatorem
949 3579 1059 3645 super
1092 3567 1242 3630 caetera
1274 3565 1440 3649 collegia

306 3681 483 3732 exercerc
496 3671 636 3731 tantum
648 3667 891 3749 vigilantiam,
911 3684 957 3731 ne
982 3673 1112 3734 contra
1129 3670 1293 3752 ipsorum
1320 3675 1438 3736 statu-

307 3782 383 3840 tum
400 3771 538 3854 aliquid
555 3771 786 3854 decernatur,
802 3789 875 3836 non
891 3775 1014 3837 autem
1040 3773 1193 3840 arbitrio
1210 3793 1277 3840 suo
1292 3777 1439 3859 jndice·

306 3895 349 3946 re
364 3882 401 3942 et
416 3877 564 3942 irritare
585 3893 692 3960 posse
708 3878 916 3944 eorumdem
932 3883 1050 3970 actus,
1068 3897 1175 3946 secus
1203 3883 1302 3948 enim
1332 3884 1441 3949 nulla

307 3983 466 4050 societas
479 4000 525 4048 ne
543 3982 688 4066 quidem
704 3984 928 4049 mercantilis
942 3991 1004 4050 aut
1016 3985 1243 4054 industrialia
1258 3990 1440 4056 consiste·

307 4106 349 4154 re
366 4087 520 4154 valeret.
