3062 4994
548 409 723 467 -103-

98 547 271 630 religiosae
288 550 517 616 auctoritatis
535 553 721 636 proprium
740 555 796 624 est
809 553 975 634 judicare
1000 555 1045 619 de
1070 573 1199 638 oppor-

99 655 244 736 tunitate,
264 657 421 722 utilitate
439 659 500 724 vel
516 660 757 741 congruentia
774 676 899 724 eorum
917 660 1088 742 omnium,
1106 679 1200 744 quae

98 761 134 824 ad
150 762 277 826 cultum
292 763 454 829 divinum
473 765 693 830 referuntur.

168 867 258 932 Hinc
286 869 432 951 publice
461 870 700 934 denuntiandi
717 874 754 936 ct
781 870 917 934 acriter
934 869 1129 936 damnandi
1145 887 1199 934 se·

97 984 228 1054 quentes
245 977 391 1040 abusus:
422 976 451 1055 ⁸)
479 977 708 1042 detestabilis
726 982 763 1041 et
790 977 1009 1042 scandaloso
1025 979 1200 1044 festorum

96 1084 296 1164 profanati03
315 1101 400 1148 nam
418 1085 581 1166 pluribus
605 1085 643 1149 in
671 1085 775 1166 locis,
796 1091 888 1150 teste
909 1085 1122 1168 quotidiana
1139 1104 1200 1151 ex·

95 1189 267 1272 parientia,
287 1191 364 1255 dies
388 1191 473 1256 festi
490 1211 512 1254 a
535 1192 665 1256 seclali
694 1193 913 1256 auctoritate
943 1210 1015 1258 non
1042 1193 1199 1258 sanctiti-

97 1305 216 1377 cantur,
234 1297 300 1360 sed
317 1301 457 1362 tantum
476 1315 498 1360 a
515 1298 670 1379 privatis
689 1299 748 1382 qui
765 1299 873 1364 velint
889 1307 920 1364 et
934 1302 1080 1384 possint.
1098 1299 1200 1364 Haec

96 1403 207 1480 mendi
219 1405 314 1468 ratio
329 1421 417 1468 vere
430 1405 555 1488 iniqua
568 1411 605 1468 et
618 1406 876 1488 reprobatione
892 1404 1003 1486 digua
1017 1407 1201 1470 censenda

96 1515 147 1586 est,
164 1511 331 1592 quoniam
349 1529 395 1574 ex
413 1511 487 1574 alia
505 1519 611 1593 parte
627 1512 785 1576 societas
805 1507 841 1576 dt
860 1513 944 1576 talis
961 1518 1129 1595 spectata
1147 1515 1199 1576 ita

95 1631 270 1696 segerens
296 1635 365 1682 nec
381 1617 476 1680 diem
504 1617 635 1682 festum
654 1617 973 1700 agnoscensque
997 1617 1113 1682 Deum
1137 1617 1199 1682 ho·

95 1730 194 1802 norat,
222 1741 267 1788 ac
300 1723 453 1806 proinde
485 1723 691 1804 hujusmodi
723 1725 850 1806 praxis
883 1725 1050 1790 innititur
1083 1725 1200 1788 falsae

95 1825 237 1894 theoriae
261 1830 476 1912 religionem
494 1847 575 1894 esse
592 1830 776 1911 negotium
796 1831 980 1911 privatum
998 1838 1035 1895 ct
1051 1848 1123 1894 non
1138 1849 1200 1913 pu·

95 1931 220 2016 blicum,
240 1946 352 2018 atque
368 1939 584 2001 societatem
601 1953 682 2002 esse
695 1937 869 2018 negative
887 1937 1045 2018 atheem3
1061 1955 1108 2002 ex
1126 1937 1201 2002 alia

96 2055 167 2105 vero
188 2046 347 2108 societas
363 2045 416 2109 sic
433 2061 548 2126 agens
566 2045 689 2126 plures
706 2046 872 2128 privatos
890 2045 1041 2127 impedit
1058 2064 1080 2109 a
1097 2045 1200 2110 iestis

96 2151 360 2232 sancdticandis,
380 2152 431 2216 uti
461 2151 639 2216 officiales
667 2156 785 2216 status
805 2153 864 2216 vel
892 2153 1106 2234 provinciae
1134 2157 1198 2216 aut

96 2255 259 2337 municipii
286 2258 485 2339 operarios.
513 2257 575 2322 Sin
600 2275 689 2322 vero
719 2257 914 2340 aliquando
944 2263 1118 2322 ocurrant
1142 2275 1199 2320 ca·

95 2374 152 2440 sos,
174 2361 209 2426 in
235 2364 369 2446 qulbus
397 2363 519 2428 officia
537 2364 597 2428 vel
622 2381 734 2446 opera
764 2365 912 2447 publica
940 2364 1112 2446 suspendi
1139 2380 1199 2428 ne·

96 2477 221 2550 queunt,
234 2470 330 2534 haec
346 2470 489 2552 quidem
508 2469 675 2535 Ecclesia
692 2471 882 2552 permittit,
899 2487 980 2534 cum
999 2472 1200 2534 necessitas

95 2585 166 2636 rere
181 2581 298 2658 urget,
317 2581 354 2640 et
378 2574 569 2640 dummodo
588 2577 740 2658 singulis
759 2584 900 2658 tempus
918 2578 992 2642 suis
1016 2577 1199 2658 religiosis

95 2676 203 2745 ciliciis
233 2682 499 2764 satisfaciendi,
519 2689 694 2764 quantum
711 2683 789 2746 fieri
806 2688 938 2765 potest,
957 2683 1197 2766 relinquatur.

104 2777 124 2860 b)
145 2784 267 2854 Praxia
295 2788 521 2854 irrationalis
551 2789 774 2852 anonnullis
800 2789 1000 2870 guberniis,
1019 2807 1114 2871 quae
1141 2807 1199 2854 ca·

96 2887 247 2960 thelicam
277 2895 491 2977 religionem
521 2901 735 2976 agnoscunt,
765 2899 916 2960 servata
949 2897 1092 2978 aliquos
1124 2895 1200 2960 dles

96 2993 188 3065 festos
213 3000 444 3092 admittendi,
463 3002 555 3067 alios
583 3009 704 3066 autem
723 3009 761 3066 ut
777 3003 979 3084 superfluos
996 3003 1198 3084 rejiciendi;

96 3106 334 3192 quodquidam
351 3125 500 3192 prorsus
513 3109 697 3191 illogicum
716 3115 823 3174 estet
839 3109 1027 3174 Ecclesiae
1044 3109 1200 3173 auctori·

97 3211 149 3274 tati
169 3213 382 3297 iojcriosum
399 3223 567 3298 apparet3
586 3232 669 3279 nam
688 3215 719 3279 si
735 3216 831 3280 festa
858 3217 911 3280 Ita
927 3219 1143 3296 augeantur,
1163 3217 1202 3278 ut

95 3329 152 3382 uon
177 3321 333 3404 amplius
360 3321 558 3386 conditioni
587 3321 715 3386 sociali
744 3322 967 3404 respondere
991 3319 1198 3398 videantur,

96 3435 217 3505 semper
235 3426 341 3492 adest
353 3443 521 3492 recursus
538 3427 586 3490 ad
603 3426 817 3509 Ecclesiam,
833 3445 927 3510 quae
941 3431 1067 3522 utpote
1083 3429 1201 3490 mater

96 3525 239 3602 plinsima
266 3551 333 3615 pro
363 3541 566 3615 temporum
585 3549 629 3596 ac
656 3533 819 3598 locorum
848 3533 1030 3616 adjunctIs
1055 3532 1202 3598 facilem

97 3644 162 3698 sese
176 3639 344 3716 praebuit
359 3639 486 3704 diebus
511 3639 614 3704 lastis
638 3639 867 3704 reducendis.
888 3639 933 3704 Et
950 3657 1052 3720 sane,
1072 3640 1118 3703 ab
1135 3639 1200 3703 Ur·

97 3731 174 3804 bano
201 3744 287 3809 VIII
316 3745 377 3827 qui
408 3744 556 3810 saeculo
584 3743 689 3810 XVII
718 3743 855 3829 (Const.
875 3746 1044 3813 Universa
1073 3745 1131 3808 die
1160 3743 1201 3808 13

97 3837 178 3927 Sept.
197 3850 282 3916 1642
300 3851 412 3932 edita)
430 3851 543 3916 multa
561 3851 656 3916 festa
674 3853 891 3934 suppressit,
906 3868 1113 3934 novumque
1128 3850 1200 3942 diff.

97 3962 160 4018 rum
171 3956 345 4022 festorum
357 3957 548 4022 elenchum
561 3957 701 4038 statuit,
719 3975 861 4022 necnon
873 3976 897 4022 a
909 3956 1105 4023 Benedicto
1116 3954 1201 4020 XIV

98 4058 146 4134 qui
169 4063 313 4128 saeculo
330 4063 510 4145 superiori
538 4063 684 4128 illorum
708 4081 898 4128 numerum
928 4065 1060 4128 iterum
1088 4061 1201 4128 immi-

98 4163 171 4247 nuit,
187 4169 308 4250 plurcs
325 4171 557 4236 reductiones
574 4170 697 4234 factae
721 4177 819 4251 sunt,
839 4171 1056 4254 praesertim
1074 4187 1163 4235 vero
1180 4188 1203 4232 a

97 4262 149 4333 Plo
164 4271 209 4340 VI
224 4293 291 4359 pro
320 4275 486 4342 fidelibus
503 4275 688 4358 Romanis,
707 4275 744 4341 in
763 4275 885 4342 Gallia
902 4295 949 4343 ex
966 4276 1202 4342 concessione
