3028 4992
537 391 716 449 -387-

90 532 136 595 rel
159 533 414 615 negligentiam
433 533 601 615 publicae
619 535 824 616 potestatis
845 534 1054 597 necessaria
1071 534 1110 597 fit
1133 535 1185 598 in·

90 640 247 703 terrentia
261 639 478 718 (istiusmodi
496 641 655 704 officinm
681 641 823 720 Juribus
841 642 1044 705 eminentiae
1061 651 1093 705 et
1109 663 1186 706 con·

88 747 274 811 servationis
293 747 492 829 convenit).

158 851 208 914 55.
257 851 443 916 Hactenus
472 853 516 916 de
546 852 675 916 officiis
703 851 880 933 Justitiae,
907 869 1000 933 quae
1026 860 1186 937 perfeeto

88 963 258 1040 vocantur,
274 961 426 1040 egimus,
448 959 552 1023 modo
571 959 616 1022 de
634 958 762 1022 officiis
779 957 1044 1022 beneticentiae
1060 961 1184 1044 imper·

83 1061 170 1143 sertia
186 1067 403 1147 nuncupatis
421 1065 606 1130 levissime
625 1066 854 1130 disseremus.

160 1169 316 1235 Inliciari
334 1173 460 1254 nequit
475 1173 646 1237 nationes
663 1173 755 1237 sicut
772 1171 959 1236 individua
986 1172 1067 1252 lege
1085 1177 1187 1236 natu·

86 1290 139 1338 rae
161 1279 286 1360 teneri,
304 1279 458 1361 ideoque
485 1279 607 1344 Status
626 1281 784 1345 invicem
814 1283 1005 1361 praestare
1032 1281 1187 1362 obligari
1279 1303 1287 1333 ,·

85 1397 123 1442 ea
143 1386 269 1466 omnia,
289 1402 382 1466 quae
411 1387 574 1467 singulos
605 1388 768 1451 homines
797 1403 885 1468 erga
914 1387 1004 1451 alios
1023 1389 1185 1477 adigunt;

86 1503 198 1570 exquo
216 1491 255 1554 fit
272 1509 347 1574 eos,
362 1495 423 1575 qui
440 1493 681 1576 Respublicas
699 1493 945 1574 moderantur,
962 1495 1014 1558 ita
1031 1496 1187 1576 propriis
1290 1499 1294 1506 '

85 1594 208 1660 civibus
227 1599 417 1663 consulere
436 1597 582 1682 debere,
604 1607 641 1664 ut
658 1619 730 1665 non
749 1601 1011 1665 obliviscantur
1029 1601 1188 1665 dilectio·

85 1702 242 1784 biserga
272 1706 434 1786 reliquas
462 1707 656 1771 societates
688 1715 750 1770 aut
780 1708 987 1770 universum
1005 1707 1189 1772 hominum

82 1821 195 1890 genus;
224 1811 295 1892 ipsi
324 1813 420 1876 enim
450 1813 585 1884 ethnici
619 1813 711 1877 haec
746 1813 866 1877 officia
900 1814 1115 1895 imperfecta
1143 1831 1189 1877 ex

83 1928 192 1979 amore
214 1917 488 1982 intemationali
519 1919 687 1983 derivata
716 1920 837 2001 palam
869 1925 1110 2000 agnoverunt,
1138 1920 1190 1983 uti

84 2016 241 2104 Princeps
273 2031 459 2090 oratorum
483 2026 635 2106 Tullius,
654 2028 706 2090 sic
734 2027 914 2108 inquiens:
937 2025 1026 2104 “Qui
1056 2027 1190 2090 civium

16 2194 17 2197 Ἴ
84 2128 247 2193 rationem
276 2130 401 2194 dicunt
431 2131 649 2213 habendam,
669 2137 901 2195 externorum
920 2137 1067 2212 negant;
1088 2131 1123 2194 hi
1141 2131 1190 2194 di·

84 2232 203 2298 rimant
219 2253 448 2301 communem
466 2237 614 2302 humani
639 2239 784 2319 generis
802 2237 1026 2318 societatem,
1046 2255 1117 2318 qua
1134 2255 1190 2300 sn·

85 2335 182 2422 blata,
216 2342 471 2425 beneficentia,
507 2345 723 2426 liberalitas
757 2344 912 2424 bonitas,
939 2344 1081 2424 justitia
1112 2343 1190 2406 fun·

83 2443 165 2511 ditus
191 2449 345 2529 tollitur3
373 2467 466 2532 quae
496 2451 556 2533 qui
585 2452 729 2530 tollunt,
748 2452 858 2514 etiam
887 2449 1063 2513 adversus
1093 2449 1190 2514 Deos

82 2549 296 2619 immortales
313 2557 415 2638 impii
441 2555 629 2637 judicandi
658 2563 753 2637 sunt,
773 2557 818 2620 ab
846 2557 889 2620 iis
907 2557 1000 2620 enim
1021 2557 1191 2620 constitu·

83 2659 145 2721 tam
162 2660 258 2725 inter
273 2661 438 2726 homines
455 2664 666 2726 societatem
685 2669 889 2746 evertunt„
906 2663 953 2744 (1)

157 2767 236 2847 Age
245 2769 335 2849 jam,
355 2769 592 2832 observantia
610 2769 786 2850 ejusmodi
804 2769 1005 2832 officiorum
1041 2785 1191 2852 sequen·

82 2869 104 2929 ti
118 2873 293 2956 principio
312 2875 514 2956 regulando
532 2885 598 2939 est:
634 2878 864 2959 unnsquisque
898 2877 1017 2941 Status
1048 2879 1194 2942 salutem

82 2984 109 3036 tt
124 2977 324 3060 felicitatem
342 2983 495 3046 aliarum
512 2984 690 3047 nationum
705 2990 868 3046 emarcet
883 3003 1074 3066 procurare
1088 2985 1192 3063 debet,

7 3151 8 3170 ἶ
86 3084 156 3162 quio
169 3093 282 3151 tomen
302 3088 432 3173 officia,
452 3090 574 3170 quibas
598 3109 678 3173 erqo
695 3091 845 3172 seipsum
864 3091 1005 3173 cogitur,
1022 3090 1194 3174 infringat

7 3229 8 3246 2
84 3189 129 3252 oel
142 3194 301 3278 negligat:
318 3194 489 3274 adjicitur
517 3197 553 3258 in
568 3195 817 3258 enuntiatione
835 3196 1005 3277 principii
1034 3195 1192 3258 conditio

84 3297 156 3373 quin
168 3306 281 3364 tamen
296 3305 382 3380 etc,
403 3301 487 3382 quia
501 3301 685 3382 quaelibet
702 3301 858 3364 societas
876 3302 1081 3364 arctissima
1106 3300 1192 3364 obli·

84 3403 218 3479 gatione
234 3412 381 3471 tenetur
397 3408 449 3470 ita
466 3407 712 3488 prospiciendi
730 3408 823 3470 bono
841 3409 1034 3488 sociorum,
1065 3407 1194 3489 quibus

84 3507 258 3592 coalescit,
278 3513 469 3575 utnullum
503 3513 758 3576 detrimentum
790 3513 878 3593 ipsis
910 3513 1044 3576 inierat
1074 3513 1194 3594 gratia

83 3612 436 3698 aliisbenefaeiendi3
467 3617 563 3681 unde
596 3635 748 3698 pronum
779 3623 834 3681 est
861 3617 1035 3701 colligere
1063 3619 1194 3683 limites

84 3718 336 3790 beneficentiae
355 3742 446 3806 erga
463 3725 555 3788 alios
573 3723 694 3788 Status
711 3725 757 3788 ab
775 3725 893 3788 ollicio
911 3725 1005 3789 bono
1024 3727 1196 3808 propriae

81 3829 230 3895 nationis
248 3829 461 3896 consulendi
479 3847 559 3895 esse
574 3829 826 3895 desumendos.

161 3935 215 4000 56.
265 3935 331 4000 His
348 3935 591 4018 praehabitis,
608 3936 677 4001 duo
691 3941 774 4000 sunt
787 3937 986 4019 praecipua
999 3936 1120 4000 olticia
1133 3935 1196 3999 im·

86 4115 258 4136 b———.—

146 4277 183 4344 (ι)
218 4275 263 4332 oe
275 4276 386 4348 officio,
399 4277 448 4334 ub.
462 4277 513 4346 111,
526 4291 587 4346 cap.
600 4277 637 4333 v.
