3062 4994
771 369 950 428 ..100-

299 514 478 593 majorum
495 514 701 576 nostrorum
718 529 796 576 mos
820 531 842 575 a
867 511 976 576 civile
994 513 1177 593 potestate
1193 509 1259 574 sub
1277 509 1430 574 ratione
1522 543 1523 588 r

296 621 402 700 juris3
422 619 524 699 ajunt
538 618 633 682 enim
645 617 843 699 imaginum
857 621 1092 699 conspectum
1105 615 1229 681 oculos
1246 614 1428 680 dissiden-

299 726 387 790 tium
406 724 594 789 offendere
611 725 672 807 qui
690 725 800 787 aliam
828 723 934 788 iidem
962 723 1171 805 religiosam
1190 722 1427 804 profitentur,
1522 761 1523 810 3

300 833 458 896 osticium
486 831 742 912 guberniorum
760 848 839 895 csse
857 830 1072 912 prohibendi
1096 829 1188 894 haec
1205 831 1310 911 signa
1340 845 1425 911 spe·

300 939 403 1002 cialis
421 939 539 1001 cultus
556 938 711 1000 caeteris
740 937 848 1001 invisi
866 937 913 1000 ad
932 936 1100 1000 vitandas
1126 936 1431 1018 perturbationes

300 1049 338 1110 et
355 1044 516 1124 dissidia,
536 1051 644 1125 atque
662 1044 809 1125 insuper
833 1044 878 1107 ab
904 1043 1067 1108 omnibus
1084 1043 1287 1106 consultum
1305 1043 1350 1105 iri
1369 1059 1426 1105 re·
1456 1087 1459 1092 ,
1522 1027 1523 1112 ζ

300 1151 490 1215 verentiae
521 1149 629 1214 rebus
647 1151 761 1213 sacris
774 1149 919 1213 debitae
933 1154 1054 1231 (quam
1072 1149 1122 1230 pii
1141 1149 1208 1230 til),
1223 1165 1268 1212 ue
1281 1149 1425 1230 pericu·

300 1259 335 1322 lo
355 1257 648 1338 profanationem
665 1265 906 1337 exponantur.
926 1257 1004 1320 Hae
1021 1273 1130 1337 super
1153 1272 1194 1319 re
1211 1273 1283 1318 uon
1296 1272 1426 1336 possu·

301 1381 378 1427 mus
397 1365 482 1444 quin
499 1361 791 1426 animadvertere
817 1364 1034 1426 novissimos
1048 1361 1305 1426 iconomachos
1324 1361 1428 1442 odio?

300 1470 500 1533 hostilitate
518 1469 722 1532 etsaevitia
747 1469 931 1532 veteribus
956 1468 1190 1532 iconoclastis
1216 1471 1425 1548 praestare,
1522 1461 1523 1548 l

301 1577 352 1639 uti
370 1577 513 1656 ipsimet
529 1573 685 1656 propriis
703 1574 816 1636 oeulis
848 1573 1002 1638 vidimus
1032 1579 1068 1637 et
1097 1574 1255 1640 infauste
1284 1577 1431 1636 testare

302 1699 492 1763 possumus
533 1681 724 1744 occasione
770 1679 922 1743 inauditi
955 1679 1120 1744 scandali
1147 1685 1184 1743 et
1216 1680 1431 1759 sacrilegae
1522 1677 1523 1694 ¹

302 1787 553 1851 insectationis
570 1788 606 1849 in
625 1786 806 1850 nonnullis
824 1785 1023 1866 Hispaniae
1047 1785 1247 1868 provinciis
1277 1802 1343 1866 per
1361 1785 1428 1848 im·

221 1877 225 1884 ⁸
302 1893 381 1974 pios
399 1893 575 1956 sectarios
592 1899 720 1956 contra
736 1892 912 1972 imagines
930 1891 1172 1956 Sacratissimi
1190 1889 1318 1956 Gordis
1335 1891 1429 1956 Jesu
1522 1889 1523 1964 ζ

302 2001 509 2082 nuperrime
534 1999 755 2079 declaratae,
786 1999 995 2079 impellente
1020 1999 1080 2063 vel
1110 2001 1240 2064 saltem
1272 2016 1428 2063 consen·
1522 2003 1523 2064 l

302 2107 415 2170 tiente
432 2107 531 2170 civili
549 2106 778 2185 auctoritate,
797 2112 833 2168 et
850 2105 994 2186 quidem
1011 2107 1048 2168 in
1065 2105 1248 2168 catholica
1273 2105 1432 2167 natione

304 2219 413 2294 atque
430 2212 496 2275 sub
512 2211 695 2292 Supremis
713 2211 1002 2274 Moderatoribus
1016 2217 1053 2274 et
1070 2211 1344 2293 Magistratibus
1363 2211 1430 2293 qui

303 2319 475 2382 catholici
493 2317 610 2382 videri
628 2318 768 2380 volunt.

392 2425 494 2488 Nunc
511 2442 599 2488 vero
627 2427 704 2486 tota
730 2423 996 2504 argumentatio
1025 2425 1247 2486 sectatorum
1271 2423 1431 2504 eJusque

302 2532 484 2595 fautorum
498 2531 674 2594 adversus
688 2530 822 2594 cultum
849 2529 1046 2611 imaginum
1071 2530 1108 2594 in
1128 2529 1195 2592 viis
1214 2529 1371 2611 publicis
1389 2536 1434 2593 et
1522 2555 1523 2566 ¹

303 2648 431 2702 contra
443 2639 501 2718 jus
511 2637 698 2701 Ecclesiae
712 2637 793 2700 illas
807 2638 963 2702 fidelium
974 2637 1203 2702 venerationi
1216 2635 1430 2717 exponendi
1522 2649 1523 2692 l

304 2745 395 2808 adeo
424 2745 536 2807 futilis
556 2751 722 2827 apparet,
755 2749 792 2807 ut
824 2745 958 2825 duplici
988 2745 1245 2808 observatione
1274 2759 1433 2825 prorsus
1522 2765 1523 2830 t

303 2859 397 2914 ruat:
417 2852 446 2932 ⁸)
464 2851 501 2913 in
519 2851 643 2930 primis
661 2851 755 2914 enim
774 2851 876 2913 salsis
894 2849 1082 2932 principiis
1099 2849 1264 2913 innititur
1280 2848 1429 2912 iudifle-

304 2957 467 3022 rentismi
484 2956 612 3019 saltem
630 2957 780 3037 politici,
810 2957 878 3020 hoe
907 2964 973 3036 est,
999 2956 1207 3037 systematis
1226 2955 1434 3018 asserentis
1522 2955 1523 3040 J

303 3063 486 3146 publicam
505 3063 759 3125 auctoritatem
783 3063 819 3126 in
836 3063 962 3126 sociali
979 3063 1155 3144 regimine
1173 3078 1289 3144 aeque
1306 3079 1347 3124 se
1365 3061 1430 3126 ha·
1522 3101 1523 3114 κ

302 3171 389 3234 bere
413 3169 546 3233 debere
574 3185 663 3250 erga
691 3185 814 3232 omnes
832 3169 1039 3249 religiones,
1059 3169 1213 3250 ideoque
1242 3186 1316 3232 non
1345 3185 1431 3250 per·
1522 3233 1523 3248 ¹

302 3277 447 3340 mittere
466 3281 571 3338 extra
596 3279 701 3356 septa
718 3275 933 3354 templorum
950 3279 1053 3338 aetus
1070 3275 1262 3356 religiosos
1279 3281 1431 3352 contra·
1522 3285 1523 3360 g

303 3381 377 3445 rios
409 3383 491 3445 fidei
522 3381 827 3446 heterodoxorum
860 3381 920 3444 vel
964 3382 1126 3445 libertati
1178 3381 1434 3446 eonscientiae
1522 3373 1523 3448 i

305 3495 533 3552 caeterorum
551 3489 697 3552 civium:
732 3487 828 3568 quod
856 3487 1159 3568 quidemomnino
1192 3489 1326 3552 falsum
1356 3497 1432 3568 est;

303 3611 387 3656 nam
404 3595 559 3658 societas
576 3593 735 3658 naturali
754 3594 872 3656 officio
903 3593 1141 3674 obstringitur
1159 3594 1357 3675 profitendi
1374 3613 1430 3659 re·

237 3702 239 3706 ’
302 3699 487 3780 ligionem,
522 3717 594 3763 non
626 3700 1164 3781 qualemcumquesedveram;
1192 3717 1274 3764 cum
1303 3707 1432 3778 autem

303 3823 394 3870 vera
407 3807 453 3869 sit
470 3811 608 3869 tantum
627 3806 820 3885 catholica,
839 3823 881 3869 eo
895 3807 973 3888 ipso
991 3807 1149 3870 societas
1163 3827 1228 3891 per
1245 3827 1293 3888 aa,
1313 3809 1429 3872 maxi-

303 3929 361 3975 me
379 3929 465 3975 vero
483 3911 512 3974 si
530 3911 742 3992 religionem
767 3911 983 3975 catholicam
1015 3915 1053 3975 ut
1082 3913 1218 3976 cultum
1237 3913 1432 3994 publicum
1522 3925 1523 3978 l

303 4023 419 4080 status
430 4019 506 4096 J'am
524 4016 728 4097 agnoverit,
748 4017 781 4080 ei
809 4018 997 4098 eaelusive
1025 4017 1241 4082 uniformari
1260 4025 1428 4098 tenetur,

304 4139 500 4204 omnesque
529 4123 606 4202 ejus
636 4123 947 4186 manifestationes
991 4141 1064 4186 non
1094 4124 1212 4188 solum
1244 4128 1430 4191 consenti·
1522 4125 1523 4214 J

302 4243 357 4308 re,
375 4244 502 4290 verum
520 4227 628 4290 etiam
654 4227 748 4290 tueri
777 4233 812 4290 et
829 4233 1022 4309 protegere
1050 4229 1169 4294 debet.
1190 4228 1297 4310 erod
1315 4232 1347 4295 si
1365 4232 1433 4297 ali·
