3038 4994
767 368 946 428 ..284-

296 529 522 594 concessum,
553 511 617 578 sed
643 511 759 577 veluti
776 511 973 578 dominium
998 510 1185 594 proprium
1202 510 1309 592 etjus
1331 509 1422 574 insi·

296 624 383 684 tum:
404 619 487 684 hinc
505 617 795 702 quamplurimae
813 619 1082 702 usurpationes,
1097 633 1253 699 magnae
1269 619 1422 680 conten·

296 726 426 808 tiones,
459 729 568 808 atque
601 725 813 807 frequentas
846 725 1066 790 rebelliones
1085 723 1264 788 adversus
1291 737 1422 804 supre-

295 849 390 896 mam
407 831 634 896 Summorum
651 831 865 898 Pontificum
877 832 1146 911 auctoritatem,
1163 846 1257 913 quae
1271 827 1422 912 quidem

296 931 444 1003 odiosae
460 955 606 1021 pugnae
623 941 659 1002 et
683 937 839 1004 iteratae
865 938 1087 1003 deiectiones
1106 935 1339 1020 splendorem
1365 940 1422 1000 at-

295 1062 366 1127 que
378 1045 562 1126 fastigium
579 1045 779 1126 imperialis
795 1044 982 1126 dignitatis
995 1043 1047 1108 ita
1077 1043 1348 1122 imminuerunt,
1380 1045 1424 1104 ut

295 1149 388 1214 hacc
415 1167 539 1216 coram
556 1151 722 1216 Ecclesia
749 1151 787 1215 in
809 1167 884 1215 rem
917 1151 1037 1232 potius
1056 1149 1276 1216 nominalem
1307 1165 1424 1230 quam

295 1256 433 1321 realem
450 1257 652 1340 devenerit,
671 1257 785 1322 salvis
802 1275 946 1339 semper
958 1257 1101 1338 juribus
1114 1256 1274 1322 realibus
1291 1261 1328 1319 et
1340 1255 1422 1320 ien-

296 1363 450 1446 dalibus,
477 1382 571 1446 quae
587 1363 873 1446 Imperatoribus
898 1365 934 1428 in
951 1365 1026 1428 suis
1050 1362 1217 1428 dominiis
1235 1368 1423 1444 compete·

297 1477 389 1535 rent.

385 1575 521 1658 “Igitur
538 1576 688 1641 Romani
721 1576 926 1658 Pontifices,
945 1576 1137 1661 siquando
1169 1575 1425 1659 Imperatores

295 1699 368 1746 non
382 1681 540 1748 Orientis
558 1688 659 1767 (nota
676 1685 783 1768 bene)
816 1685 880 1748 sed
893 1683 1114 1766 Occidentis,
1133 1683 1338 1766 apostoliea
1356 1700 1424 1746 au·

296 1789 466 1854 ctoritate
498 1791 534 1854 in
552 1790 620 1856 hoc
637 1809 805 1873 supremo
829 1791 945 1874 gradu
978 1791 1207 1866 constitutos,
1241 1790 1425 1873 deposue-

296 1901 391 1977 runt,
403 1897 485 1978 jure
503 1899 664 1980 proprio,
684 1899 794 1981 plena
807 1889 949 1980 justitia
974 1903 1011 1964 et
1026 1899 1253 1982 gravissimis
1271 1897 1317 1962 de
1334 1913 1425 1962 cau-

295 2001 345 2066 sis
363 2011 528 2085 egerant,
555 2005 735 2087 nimirum,
754 2005 799 2070 ob
817 2005 1045 2070 execrabiles
1062 2006 1195 2070 abusus
1212 2009 1323 2086 atque
1358 2003 1426 2068 da·

297 2109 490 2173 mnandam
524 2111 884 2174 extralimitationcm
919 2111 1119 2176 altissimae
1146 2111 1334 2193 dignitatis
1354 2127 1428 2192 per

295 2213 498 2280 Ecclesiam
528 2223 565 2281 et
593 2217 629 2280 in
656 2217 789 2280 bonurn
817 2217 1005 2282 Ecclesiae
1022 2216 1141 2282 media
1175 2221 1298 2282 aetate
1316 2217 1424 2282 insti·

295 2327 408 2386 tutae.

684 2653 946 2722 ARTIOULUS
974 2655 1037 2722 IV.

729 2869 976 2935 sustulerunt.

297 3065 355 3114 led.
376 3059 524 3128 Depositio
537 3061 755 3128 Regum-lte.
778 3064 994 3118 Demonstretur
1005 3065 1150 3120 Romanos
1166 3064 1321 3118 Pontifices
1333 3067 1425 3132 iuxta

364 3134 412 3200 jus
424 3133 569 3200 publicum
584 3135 669 3186 medii
683 3135 746 3186 aeri
760 3135 887 3200 legitime
901 3139 1029 3202 potuisse
1043 3137 1136 3204 Reges
1152 3137 1273 3188 Sanctae
1290 3135 1357 3188 Sedi
1370 3137 1424 3190 tri·

366 3203 488 3257 batarios
497 3205 746 3272 deponere—167.
761 3205 841 3257 Idem
852 3205 1000 3258 evincatur
1009 3207 1103 3274 quoad
1113 3208 1260 3272 Principes
1273 3205 1424 3261 liberos.-

367 3277 427 3328 les.
446 3275 521 3338 Quid
534 3277 570 3328 de
584 3275 640 3328 hoc
660 3276 807 3329 Pontificio
820 3278 883 3342 iure
896 3281 990 3331 aetate
1002 3279 1097 3332 media
1111 3279 1225 3344 vigente
1237 3277 1330 3332 critice
1354 3293 1425 3332 een-

364 3347 486 3400 sendum
500 3349 644 3400 stt-les.
664 3347 799 3408 Quaestio
806 3345 930 3414 juridica
943 3347 979 3402 de
993 3357 1133 3416 potestate
1147 3351 1328 3402 Summarum
1345 3347 1423 3403 Pon·
1516 3395 1517 3398 ,

365 3417 473 3470 tiflcum
487 3418 516 3469 in
530 3418 622 3482 Reges
635 3417 900 3483 exponatur-170.
922 3417 1088 3473 Sententiae
1098 3423 1235 3473 aebemus
1247 3421 1427 3488 rijiciantur.

368 3489 462 3540 —l'll.
481 3489 628 3540 Sententia
639 3487 727 3540 mdia
749 3491 904 3554 generatim
918 3493 1351 3562 receptapropngnetnr.-172.
1372 3495 1423 3546 An

367 3557 521 3610 Pontifices
540 3557 658 3610 Maximi
685 3559 828 3626 Principes
851 3561 995 3614 Ecclesiae
1016 3577 1050 3616 ao
1076 3562 1205 3630 religIoni
1229 3563 1423 3618 adversantes

367 3643 456 3694 usque
466 3629 502 3681 ad
515 3629 723 3695 depositionem
739 3629 840 3696 punire
855 3633 979 3684 valeant.

385 3807 460 3870 165.
509 3807 747 3872 Praecedenti
764 3810 919 3874 articulo
937 3810 1227 3878 demonstratum
1250 3815 1424 3878 remanet

293 3917 512 3994 potestatem
541 3913 680 3994 regiam
696 3913 962 3996 Imperatorum
991 3915 1296 4000 occidentalium,
1311 3919 1376 4002 qui
1396 3937 1422 3983 a

294 4019 441 4082 saeculo
460 4017 545 4082 VIII
578 4037 644 4100 per
670 4020 850 4086 Romanos
882 4021 1075 4089 Pontifices
1112 4025 1345 4108 eligebantur
1374 4043 1424 4090 ac

295 4123 613 4207 confirmabantur,
633 4131 759 4208 utpote
775 4127 945 4210 dignItati
973 4131 1156 4214 imperiali
1173 4133 1419 4213 vinculatum,
1514 4125 1515 4196 l

295 4223 402 4292 simul
420 4247 500 4294 cum
528 4230 598 4296 bac
615 4233 732 4296 amitti
750 4251 867 4317 posse,
896 4236 1028 4302 saltem
1044 4237 1166 4320 quoad
1192 4255 1308 4321 regna
1325 4236 1422 4304 Ger-
