3038 4994
289 477 362 557 tur,
392 473 513 557 gratia
544 473 703 558 augendi
735 479 772 540 et
799 473 1046 558 amplificandi
1079 471 1228 556 propria
1256 471 1427 536 dominia

290 598 374 646 cum
399 581 563 662 justitiae
592 581 808 646 detrimento
826 587 937 665 atque
965 581 1117 663 legitimi
1144 580 1298 644 aliorum
1325 578 1429 661 juris
1508 583 1509 596 ¹

290 685 467 752 laesione,

383 793 459 858 146.
506 793 587 860 Non
614 810 804 877 possumus
831 793 927 858 hanc
956 791 1311 876 praestantissimam
1336 807 1428 855 con-

290 901 511 966 troversiam
528 899 645 982 flnire,
664 899 751 982 quin
768 899 906 983 aliquid
933 899 978 964 de
997 898 1158 964 secunda
1185 897 1297 962 thesis
1314 901 1429 981 parte
1508 889 1509 904 ³

291 1007 529 1090 attingamus3
547 1007 712 1090 proiecto
741 1023 850 1071 sensu
874 1007 1040 1088 justitiae
1066 1005 1164 1070 ducti
1180 1010 1216 1070 ct
1231 1003 1428 1087 religionis
1508 1041 1509 1048 κ

291 1112 412 1177 studio
430 1113 584 1196 permoti
601 1130 830 1195 summopere
846 1117 1068 1194 exoptamus
1085 1115 1194 1194 atque
1216 1111 1430 1175 firmissime
1508 1153 1509 1160 ι

292 1218 506 1284 confidimus
520 1236 640 1284 rerum
654 1225 821 1299 eventus,
837 1219 964 1283 mediis
979 1224 1016 1282 et
1029 1218 1098 1282 viis
1111 1233 1260 1300 prorsus
1272 1210 1428 1298 ignotis,

292 1329 424 1389 contra
447 1325 623 1390 humanas
653 1326 884 1406 conjecturas
920 1329 957 1390 et
972 1323 1139 1407 politicas
1155 1322 1429 1405 praecisiones,
1508 1319 1509 1408 1

292 1429 511 1514 disponente
542 1431 766 1496 solummodo
785 1430 913 1496 divina
929 1429 1173 1513 providentia,
1192 1446 1273 1493 esse
1289 1427 1328 1492 in
1344 1445 1431 1509 pos·
1508 1437 1509 1518 ξ

292 1541 411 1601 terum
429 1537 650 1602 ordinandos
677 1537 725 1602 ad
755 1537 1035 1619 exsequendam
1064 1534 1229 1618 Supremi
1259 1533 1432 1598 Numinls
1508 1559 1509 1624 ss

295 1643 524 1708 voluntatem
552 1661 618 1726 pro
636 1645 848 1708 necessaria
879 1641 1091 1726 temporalis
1114 1641 1264 1706 dominii
1280 1640 1431 1704 restitn·

294 1747 407 1828 tioue;
433 1750 600 1832 quamvis
617 1750 712 1814 euim
731 1749 841 1814 hodie
870 1749 995 1814 urbem
1012 1748 1174 1828 Romam,
1193 1746 1433 1828 Metropolim
1508 1765 1509 1818 ι

294 1855 407 1920 totius
425 1856 596 1920 catholici
624 1857 735 1938 orbis,
765 1862 1004 1938 usurpatores
1031 1855 1127 1920 intus
1143 1853 1306 1936 forisque
1323 1853 1433 1918 iuva·

295 1962 398 2044 dant,
418 1968 529 2046 atque
556 1967 758 2029 extremam
784 1962 926 2027 cladem
954 1962 1092 2028 inferre
1119 1961 1345 2040 adnitantur;
1376 1967 1433 2023 ta·

298 2085 381 2133 men
394 2086 459 2150 pro
473 2073 574 2134 certo
589 2070 765 2134 habemus
778 2067 871 2134 haec
889 2068 1010 2132 omnia
1021 2068 1146 2132 inania
1158 2084 1239 2132 essa
1251 2083 1456 2137 evasuras.

295 2181 335 2240 et
350 2175 599 2258 Apostolicem
617 2176 744 2242 Sedem
764 2177 870 2242 citius
888 2177 1052 2258 qualibet
1081 2175 1241 2240 humana
1254 2189 1432 2256 praesen·
1508 2163 1509 2256 l

298 2283 396 2346 tione
407 2287 660 2364 recuperatum
675 2299 719 2347 ac
732 2301 857 2347 rursus
873 2287 1061 2365 receptum
1073 2283 1128 2346 ire
1141 2281 1435 2346 dominationem

296 2389 537 2469 temporalem
551 2391 588 2452 et
601 2388 747 2454 civilem
761 2390 1036 2470 suprematiam,
1051 2405 1159 2471 quam
1176 2386 1276 2452 Deus
1293 2386 1434 2469 prima·
1508 2411 1509 2482 ι

298 2495 351 2558 tui
368 2493 548 2576 spirituali
561 2495 748 2560 individuo
764 2513 859 2560 nexu
875 2513 955 2576 oonJ
949 2496 1065 2560 unx1t
1077 2494 1125 2558 ad
1141 2511 1294 2559 munera
1309 2491 1434 2558 eidem
1508 2507 1509 2584 ι

296 2600 492 2664 commissa
509 2599 754 2682 adimplenda,
782 2603 1115 2684 auctoritatemque
1131 2617 1198 2683 per
1215 2599 1435 2664 uuiversum

298 2711 479 2770 terrarum
493 2706 615 2771 orbem
630 2708 865 2772 servandam
1508 2723 1509 2804 i

380 2811 495 2892 Hujus
509 2817 655 2876 nostrae
669 2812 823 2878 fiduciae
838 2813 969 2878 vadem
984 2831 1029 2878 ac
1041 2814 1172 2896 pignus
1187 2812 1317 2877 damus
1330 2811 1435 2876 lneu-
1508 2829 1509 2898 j

298 2917 436 2982 lentum
450 2923 486 2981 et
498 2917 733 2982 ineluctabile
746 2917 1192 3000 historiaatestimonium,
1208 2935 1305 3002 quae
1318 2919 1434 3002 longo
1508 2973 1509 2988 ,

298 3025 528 3090 saeculorum
547 3023 700 3088 decursu
717 3026 820 3090 nobis
840 3026 1070 3108 apertissima
1087 3025 1249 3090 ostendit
1269 3025 1434 3107 singula·
1508 3007 1509 3094 ἶ

298 3149 377 3196 rem
395 3134 506 3214 atque
530 3139 746 3213 perpetuam
774 3131 932 3198 Divinae
964 3131 1226 3198 Providentiae
1246 3133 1435 3198 actionem
1508 3147 1509 3188 ι

302 3254 368 3319 pro
386 3237 580 3318 temporali
596 3237 809 3302 Pontificum
835 3242 1018 3319 potestate
1044 3244 1174 3303 contra
1191 3241 1246 3302 tot
1262 3246 1436 3321 conatus,

299 3344 556 3424 aggressiones
575 3349 611 3407 et
628 3343 771 3425 iniquas
797 3344 1084 3408 machinationes
1098 3344 1341 3410 vindicanda.

391 3447 436 3511 Et
452 3467 540 3512 tane
558 3453 682 3513 notum
707 3455 764 3513 est
792 3449 1041 3530 Apostolicem
1058 3449 1189 3516 Sedem
1215 3451 1294 3532 jam
1319 3469 1437 3516 vexa·
1508 3491 1509 3538 ι

301 3561 376 3616 tam
395 3553 505 3617 fuisso
522 3553 588 3618 sub
606 3554 832 3636 Imperatore
850 3552 993 3621 Othone
1008 3556 1025 3620 Ι
1043 3557 1196 3640 ejusque
1212 3557 1438 3623 successori-
1508 3575 1509 3644 ι

300 3658 382 3738 bus,
401 3658 462 3740 qui
479 3659 547 3722 sibi
564 3659 744 3739 subjicere
763 3665 950 3726 tentarunt
967 3667 1043 3727 tum
1060 3663 1281 3728 electionem
1305 3665 1439 3730 Roma·

302 3779 431 3826 norum
445 3763 670 3844 Pontificum,
686 3771 759 3830 tum
773 3767 891 3847 ipsum
908 3785 1034 3832 eorum
1053 3769 1306 3852 principatum
1325 3775 1440 3853 atque
1508 3755 1509 3808 ¹

302 3852 457 3934 liberam
475 3869 607 3952 agendi
624 3872 815 3952 rationem3
834 3873 930 3938 idem
955 3873 1110 3958 contigit
1126 3876 1194 3941 sub
1211 3875 1354 3942 influxu
1372 3876 1442 3942 Go-

304 3975 429 4039 mitum
442 3975 741 4058 Tusculanorum,
762 3979 822 4060 qui
840 3997 879 4043 sc
895 3980 1174 4046 immiscuerunt
1189 3981 1442 4049 Romanorum
1508 4029 1509 4066 p

301 4081 516 4146 Antistitum
551 4081 733 4163 electioni,
766 4100 813 4148 ex
845 4102 915 4166 quo
948 4091 1003 4150 tot
1036 4088 1135 4152 mala
1168 4097 1439 4174 provenerunt3
1508 4105 1509 4168 ι

306 4185 441 4250 malum
457 4191 578 4252 autem
593 4189 817 4268 potissimum
840 4191 997 4256 invaluit
1013 4195 1081 4258 sub
1099 4194 1259 4262 Henrioo
1277 4197 1331 4264 IV
1349 4196 1442 4265 Ger·
