3096 4986
570 419 730 476 ..41-

24 591 25 596 η
106 557 299 624 underecte
330 560 494 644 sequitur
520 561 778 627 admissionem
813 562 874 626 vel
907 562 1158 630 exclusionem
1191 583 1214 630 a

24 723 25 726 ,
103 665 203 728 sacris
228 665 412 730 ordinibus
440 684 517 731 rem
550 683 630 732 esse
659 684 759 732 mere
783 667 980 749 privatam,
1014 669 1061 732 ad
1093 671 1213 736 forum

24 785 25 848 ἢ
103 772 333 836 conscientiae
349 777 590 854 spectantem,
623 776 660 837 et
692 773 863 856 prudenti
886 773 1059 856 Episcopi
1074 775 1212 856 judicio

24 869 25 872 ’
102 876 354 960 remittendam,
385 883 422 942 et
451 879 596 960 quidem
625 879 875 962 appellatione
893 881 1147 962 inappellabili
1175 882 1213 946 in

102 982 207 1046 electu
223 986 438 1070 suspensivo,
457 986 623 1067 quamvis
656 986 693 1050 in
724 987 918 1052 desolative
947 987 1090 1050 clericis
1108 987 1214 1052 adest

24 1081 26 1130 l
94 1104 254 1154 recursus
282 1089 329 1154 ad
359 1090 559 1155 Romanum
584 1091 806 1173 Pontificem,
825 1093 882 1156 cui
909 1094 1083 1174 competit
1096 1093 1155 1174 Jus
1173 1098 1210 1158 et

103 1193 245 1260 officium
263 1197 468 1279 inquirendi
486 1198 624 1262 motiva
641 1215 834 1280 processus
853 1199 1074 1280 episcopalis
1102 1205 1213 1282 atque

103 1299 357 1370 decorumdem
368 1303 527 1367 veritate
540 1311 577 1366 et
587 1305 773 1386 gravitate
789 1322 961 1386 suprema
977 1321 1043 1368 sua
1056 1305 1211 1388 pruden-

104 1406 145 1469 tia
155 1407 351 1487 judicandi.
370 1408 497 1473 Altera
529 1426 615 1490 pars
648 1409 810 1492 Decreti,
845 1411 1025 1490 nimirum,
1056 1403 1213 1492 quaeda

24 1499 25 1506 '
103 1515 324 1594 suspensione
340 1514 388 1578 ab
406 1515 591 1580 ordinibus
608 1516 788 1598 susceptis
816 1533 880 1580 seu
902 1515 947 1580 de
974 1517 1214 1582 sententiaco

102 1620 275 1704 informato
294 1623 504 1688 couscientia
536 1623 613 1687 lata
642 1623 815 1706 explicite
842 1624 1000 1705 disserit,
1032 1624 1166 1688 acriter
1190 1641 1214 1688 a

103 1728 270 1808 regalistis
287 1734 325 1793 et
342 1729 534 1812 gallicanis
546 1731 795 1812 impugnatur,
820 1731 882 1813 qui
898 1749 1022 1795 omnes
1047 1731 1143 1796 banc
1160 1732 1211 1795 la-

101 1833 258 1900 cultatam
290 1835 607 1916 extraJudicialem
649 1842 775 1919 utpote
808 1837 1034 1920 illegitimam
1069 1839 1212 1921 penitus

24 1965 25 2018 j
102 1942 265 2026 rejiciunt,
279 1949 393 2027 atque
401 1950 531 2010 contra
544 1945 622 2026 ejus
634 1946 920 2028 applicationem
932 1946 978 2010 ad
992 1951 1213 2028 potestatem

24 2025 26 2102 i
102 2047 217 2114 laicam
234 2051 461 2134 confugiunt,
495 2051 767 2134 magistratibus
800 2051 1051 2116 saecularibus
1069 2053 1211 2132 adjudi·
1310 2063 1312 2070 ’

102 2163 211 2222 cantes
240 2159 300 2239 jus
340 2159 581 2241 apellatioues
616 2158 818 2240 recipiendi
849 2159 896 2222 ab
921 2159 1126 2239 hujusmodi
1150 2177 1207 2223 su·

102 2264 339 2341 spensionibus
356 2271 541 2348 tamquam
551 2266 593 2330 ab
607 2267 717 2330 abusu
734 2281 822 2329 vere
836 2265 1071 2328 intolerabili.

164 2367 230 2433 Pro
245 2376 322 2434 tota
334 2371 405 2435 bac
417 2373 630 2454 quaestione
643 2371 871 2436 enucleanda
885 2371 1023 2452 aliquid
1037 2371 1105 2434 etsi
1118 2389 1210 2435 sum·

102 2472 155 2536 mis
170 2475 274 2541 labiis
306 2476 470 2542 delibare
494 2479 656 2560 cogimur
689 2477 733 2542 de
764 2478 960 2558 validitate,
993 2478 1211 2562 lepitimitote
1256 2565 1257 2568 Ἴ

102 2583 194 2664 utque
209 2585 437 2670 iutellipeutiu
454 2585 640 2650 facultatis
653 2583 943 2666 extrajudicialis
957 2603 979 2648 a
996 2584 1212 2650 Tridentino

103 2681 231 2766 Synodo
248 2689 440 2774 Episcopis
457 2692 628 2756 tributae.

167 2795 220 2861 at.
261 2795 315 2861 De
328 2797 455 2861 valore
465 2797 617 2878 huJusce
632 2797 821 2862 facultatis
833 2796 1047 2862 Tridentina
1062 2814 1208 2862 conces·

101 2897 186 2966 sione
200 2902 392 2985 Episcopis
405 2903 645 2985 competentis
661 2903 760 2986 apud
777 2903 987 2968 canonistas
1006 2904 1207 2968 catholicos

102 3006 230 3073 minime
263 3007 463 3088 dubitatum
490 3009 551 3091 qui
579 3026 667 3074 vero
696 3009 734 3073 in
765 3009 928 3074 scholam
953 3010 1212 3090 jansenianam

101 3111 412 3198 velregalisticam
441 3123 671 3197 cooptantur,
704 3121 924 3198 potestatem
959 3115 1212 3180 extraordina-

101 3217 176 3286 riam
192 3244 236 3287 ιω
247 3223 439 3308 informata
452 3224 661 3289 conscientia
675 3222 897 3304 procedendi
913 3242 978 3306 pro
993 3224 1211 3288 clericorum

100 3321 227 3393 delictis
241 3328 434 3412 puniendis
449 3347 599 3412 prorsus
615 3329 836 3411 inficiantur,
852 3345 1057 3412 magnoque
1073 3329 1211 3393 animo-

100 3447 167 3499 rum
197 3443 303 3500 aestu
344 3437 535 3518 impetunt;
570 3436 665 3500 inter
697 3437 896 3501 acerrimos
936 3437 1212 3517 impugnatores
1281 3497 1284 3504 .

101 3535 234 3607 Decreti
250 3543 454 3608 Tridentini
471 3544 631 3608 eminent
651 3543 759 3624 Juxta
776 3561 880 3608 suum
894 3560 1031 3608 morem
1050 3543 1212 3608 celeber-

100 3645 197 3713 rimus
229 3649 433 3731 Episcopus
447 3647 595 3732 Scipion
608 3649 719 3731 Ricci,
740 3649 819 3729 ejus
838 3649 1003 3713 minister
1020 3667 1043 3712 a
1059 3651 1213 3714 secretis

100 3747 214 3820 Petrus
228 3755 453 3837 Tamburini,
472 3756 682 3839 caeterique
710 3761 798 3820 tunc
829 3755 1004 3837 temporis
1023 3754 1215 3820 Ecclesiae

99 3859 359 3942 reformatores,
375 3861 447 3944 qui,
463 3865 503 3926 ut
518 3861 704 3943 Leopoldo
723 3860 817 3926 Daci
829 3859 1000 3925 Etruriae
1024 3859 1214 3924 adblandi-

99 3971 223 4050 rantur,
256 3971 311 4032 tot
335 3983 480 4032 errores
510 3975 618 4050 atque
646 3967 804 4050 ineptias
829 3966 977 4031 effutire
1003 3965 1111 4032 veriti
1140 3982 1215 4039 non

102 4077 185 4138 sunt.

174 4178 243 4245 Sed
269 4177 438 4245 Ecclesia
469 4175 658 4244 Catholica
688 4197 755 4244 sua
782 4196 955 4262 suprema
973 4181 1010 4242 et
1027 4175 1215 4242 infallibili

100 4289 306 4354 auctoritate
321 4303 420 4352 nova
437 4284 477 4351 ui
493 4301 538 4352 ac
553 4287 681 4370 vigore
698 4287 860 4352 firmavit
871 4287 1077 4368 iterumque
1094 4285 1213 4350 sanci·
