3028 4992
788 363 970 422 -370-

316 505 396 570 siin
409 505 665 572 detrimentum
683 505 781 572 tertii
814 510 983 588 vergant;
1001 504 1124 572 Status
1151 511 1274 570 autem
1305 506 1437 570 haeres

318 611 393 692 (vel
409 611 587 676 haeredes
603 612 634 676 si
666 611 802 678 luerint
819 613 957 695 plures)
990 613 1180 678 demortuo
1207 611 1367 677 succedit
1399 613 1441 675 in

317 719 482 783 omnibus
500 720 578 800 ejus
591 719 734 800 jnribus
751 735 795 784 ac
810 719 1110 802 obligationibus,
1135 736 1202 782 sua
1230 719 1320 784 facit
1342 719 1440 782 bona

317 826 364 890 ad
392 825 588 890 dominium
620 826 804 908 publicum
832 826 1052 908 spectantia,
1086 833 1291 908 cunctaque
1316 825 1440 890 debita

316 943 392 998 tum
410 933 533 996 activa
550 938 625 998 tum
642 933 792 1015 passiva
808 933 972 1014 suscipit,
990 933 1174 1015 quoniam,
1207 949 1287 996 cum
1318 932 1438 1014 agitur

317 1039 362 1104 da
378 1039 399 1104 J
404 1057 466 1103 ure
482 1039 775 1120 Internationali,
789 1057 862 1104 non
878 1039 985 1104 datur
1002 1039 1185 1104 successio
1200 1055 1247 1103 ex
1257 1039 1436 1102 bonorum

317 1146 530 1210 recensione
546 1151 582 1224 (d
597 1147 754 1233 beneficio
768 1147 809 1212 de
822 1149 1047 1226 inventario).

407 1251 459 1316 2.⁰
505 1252 657 1318 Amisaio
665 1255 838 1338 partialis
854 1271 918 1318 seu
937 1254 1137 1319 imminutio
1164 1252 1340 1318 territorii
1372 1269 1442 1334 per

318 1359 611 1440 segregationem
640 1360 794 1440 aliquus
811 1361 970 1441 regionis
1003 1360 1064 1424 vel
1081 1359 1337 1424 nonnullarum
1355 1375 1440 1440 pro·

318 1466 534 1548 vicciorum,
553 1466 690 1532 infelici
718 1469 831 1532 exitui
848 1468 935 1532 balli
969 1469 1112 1532 externi
1141 1475 1204 1532 aut
1235 1467 1368 1531 interni
1399 1473 1438 1529 ut

318 1571 513 1654 plurimum
527 1571 699 1653 debitam,
716 1591 788 1638 non
801 1575 923 1638 aufert
934 1573 1052 1640 Statui
1065 1573 1184 1638 diviso
1198 1591 1301 1638 suam
1315 1589 1439 1654 persc-

318 1679 509 1744 nalltatem
547 1680 867 1744 internetionalem
907 1698 1026 1763 neque
1061 1679 1270 1762 juridicam;
1306 1681 1439 1744 etenim

320 1784 418 1865 apud
435 1791 561 1866 gentes
579 1785 700 1850 omnia
712 1785 799 1866 jura
815 1787 1062 1868 suprematiae
1091 1785 1322 1850 inhaerentia
1353 1787 1440 1850 reti·

319 1896 393 1968 net,
409 1897 519 1973 atque
533 1891 569 1956 in
587 1891 713 1956 ordine
735 1893 900 1956 interiori
928 1911 1016 1958 vero
1034 1893 1186 1974 imperio
1219 1893 1438 1972 (soberanla)

319 1996 468 2078 potitur;
488 1998 573 2078 quin
590 1999 697 2062 immo
729 1999 846 2079 ipsum
878 2005 1057 2064 exonerat
1080 1998 1126 2062 ab
1157 1997 1439 2080 obligationibus

319 2103 674 2184 internetionalibus,
691 2121 784 2186 quae
799 2106 1012 2186 provinciae
1024 2106 1084 2169 vel
1096 2104 1307 2186 regionibus
1320 2105 1439 2184 seJun·

320 2211 387 2274 ctis
415 2210 626 2290 specialiter
666 2211 891 2291 incumbunt,
935 2227 1080 2276 necnon
1108 2211 1270 2274 eximere
1293 2211 1388 2274 solet
1419 2226 1439 2271 a

320 2315 595 2398 quadamparte
627 2317 892 2398 proportionali
922 2317 1138 2398 debitorum,
1168 2334 1262 2400 quae
1279 2317 1325 2380 ad
1358 2335 1438 2399 pro·
1505 2375 1506 2380 ,

319 2423 461 2487 vincias
479 2415 710 2488 vel'dominia
723 2431 930 2506 segregata,
950 2423 1105 2505 ideoque
1123 2423 1169 2488 ad
1197 2441 1333 2488 novum
1361 2423 1438 2488 Sta·

320 2535 394 2593 tum
409 2531 493 2610 jnre
510 2531 710 2613 meritoque
724 2532 883 2595 transire
900 2531 1046 2594 debent.

409 2635 461 2698 3.⁰
509 2635 661 2702 Demum
679 2645 911 2718 augmentum
923 2637 1098 2701 territorii
1128 2653 1194 2719 per
1210 2637 1435 2702 odra-'cionem
1504 2689 1505 2732 ἦ

323 2741 477 2804 aliarum
509 2741 683 2807 ditionum
709 2742 904 2824 juridicam
937 2743 1220 2808 correlationem
1251 2743 1435 2825 importat,
1504 2739 1505 2742 ’

321 2863 401 2910 cum
414 2847 520 2910 simul
538 2857 732 2912 concurrat
748 2850 868 2914 auctio
885 2849 1117 2913 territorialis
1149 2867 1195 2913 ex
1229 2851 1304 2914 alia
1323 2855 1435 2932 parte,

321 2969 367 3016 ex
384 2952 458 3016 alia
471 2969 559 3018 vero
573 2953 773 3020 diminutio:
792 2955 885 3018 unde
900 2953 1023 3018 Status
1037 2971 1253 3020 accrescens
1272 2963 1437 3037 accepta·

320 3077 361 3124 re
377 3067 520 3124 tenetur
532 3061 616 3142 jura
633 3071 669 3126 et
687 3063 939 3143 obligationes,
960 3079 1053 3145 quae
1069 3062 1117 3126 ad
1136 3061 1296 3126 dominia
1314 3077 1438 3144 aggre·
1503 3043 1504 3058 ¹

321 3173 407 3246 gata
420 3168 615 3249 pertinent,
631 3170 788 3232 maxime
802 3177 922 3233 autem
932 3187 1057 3234 eorum
1071 3168 1208 3248 debita;
1225 3173 1262 3232 et
1282 3168 1435 3234 vicissim

320 3275 489 3354 regiones
518 3275 578 3338 vel
611 3275 822 3356 provinciae
851 3293 1019 3340 annexae
1049 3277 1275 3358 participare
1308 3275 1436 3340 debent

322 3380 517 3444 commodis
535 3387 643 3462 atque
658 3383 826 3446 oneribus
840 3381 961 3446 Status
975 3383 1217 3446 adnectentis.

409 3485 464 3550 41.
512 3486 532 3550 J
538 3505 576 3550 us
590 3489 814 3571 aequalitatis
829 3497 984 3552 vocatur
997 3489 1157 3552 facultas
1171 3506 1266 3570 quae
1279 3487 1434 3553 Statibus

321 3592 415 3654 inest
431 3593 574 3656 fruendi
602 3595 639 3656 in
666 3595 753 3657 Jure
766 3596 929 3674 gentium
960 3599 997 3658 et
1025 3612 1150 3659 coram
1179 3595 1359 3660 societate
1389 3595 1435 3656 in·
1501 3675 1502 3688 ἵ

321 3699 554 3762 tornationali
570 3701 696 3764 eadem
714 3700 1018 3784 consideratione,
1035 3702 1248 3782 reverentia
1266 3711 1303 3766 et
1341 3703 1433 3766 obse·

323 3805 417 3883 quio.

410 3910 614 3992 Enimvero,
629 3912 721 3976 siout
738 3913 869 3994 singuli
882 3914 1045 3980 homines
1064 3933 1246 3996 personae
1266 3917 1433 3999 dignitate
1500 3967 1501 3998 ,

323 4015 493 4096 gaudent,
510 4022 546 4080 et
557 4019 730 4098 aequales
748 4021 892 4083 omnino
906 4027 990 4086 sunt
1014 4023 1111 4086 inter
1139 4040 1179 4087 se
1209 4025 1332 4106 quoad
1359 4026 1434 4104 jura

323 4120 460 4201 innata;
475 4123 527 4185 ita
554 4124 664 4187 etiam
690 4141 846 4205 magnae
874 4129 1164 4208 aggrupationes
1193 4131 1353 4196 morales
1382 4123 1434 4190 vel

324 4240 478 4305 corpora
492 4228 652 4310 politica,
667 4248 761 4312 quae
778 4231 899 4314 Status
927 4241 1198 4318 nuncupantur,
1230 4247 1355 4300 mutua
1383 4234 1434 4296 in·
1499 4261 1500 4311 g
