3062 4994
326 565 555 648 collegerunt
570 563 673 646 leges
688 563 976 628 amortizationis
991 580 1140 646 prorsus
1155 562 1279 628 irritas
1295 567 1333 626 et
1350 565 1460 628 omni
1521 593 1522 608 κ

326 673 366 738 vi
390 671 583 736 deafitutas
610 687 705 750 asse,
733 669 911 752 etquidem
942 669 1003 734 lex
1029 669 1125 733 laisa
1150 669 1462 752 praesumptione
1521 657 1522 748 ζ

326 779 415 844 lacti
431 777 558 842 innixa
573 776 673 840 nullo
692 781 801 858 pacto
818 776 984 840 valorem
999 775 1162 838 obtinere
1179 779 1311 858 potest.

414 883 631 967 speciminis
647 882 782 964 grotta,
801 882 872 946 tria
889 881 1078 964 potissima
1090 881 1272 946 rationum
1289 898 1456 946 momen·
1521 911 1522 966 3

325 997 365 1056 ta
393 1009 440 1054 ex
472 989 637 1070 biatoria,
670 988 921 1052 eeclesiastico
949 988 1032 1070 jure
1060 993 1171 1070 atque
1203 987 1458 1052 Romanorum
1521 981 1522 1034 ἶ

324 1097 539 1162 Pontificum
555 1094 688 1178 agendi
705 1094 897 1158 rationein
910 1093 1066 1158 medium
1079 1093 1306 1176 proferemus
1318 1092 1368 1157 ad
1382 1093 1461 1158 hoc

326 1209 549 1286 postremum
565 1201 833 1284 Regalistarum
861 1199 1124 1282 subterfugium
1157 1199 1301 1264 omnino
1318 1199 1456 1264 tollen·

327 1309 423 1374 dum.
1521 1289 1522 1330 ³

417 1413 468 1480 1.⁰
514 1415 569 1478 Ex
582 1413 823 1479 monumentis
840 1412 1022 1477 historicis
1051 1413 1159 1494 plane
1175 1412 1399 1478 authenticis
1418 1419 1464 1478 et

325 1527 384 1588 sat
400 1522 595 1587 luculentis
611 1521 840 1604 apertissime
869 1525 1013 1584 constat
1041 1517 1240 1601 Episcopos
1257 1523 1294 1583 et
1311 1516 1458 1584 Coeno
1521 1501 1522 1558 I

325 1629 387 1694 bia
411 1628 568 1692 saecuIIs
595 1626 800 1706 retroactis,
832 1643 922 1708 prae
954 1625 1068 1688 oculis
1099 1642 1242 1706 semper
1274 1623 1459 1690 habentia
1521 1639 1522 1712 i

325 1736 427 1800 illam
445 1733 630 1816 egregiam
648 1731 684 1796 S.
702 1733 885 1796 Ambrosii
909 1729 1306 1798 senteutiam-Aurum
1331 1731 1458 1798 Eccle-

325 1842 381 1906 aiu
397 1840 496 1904 tutu
511 1859 579 1904 aaa
597 1846 635 1903 at
647 1845 767 1918 ravat,
783 1838 845 1903 aed
861 1845 898 1902 ut
914 1845 1026 1923 eroget
1042 1848 1074 1904 et
1089 1839 1296 1902 rubeam
1284 1859 1321 1903 au
1334 1859 1463 1904 uacca·
1521 1835 1522 1898 l

325 1947 488 2012 sitatibus
502 1945 563 2026 (1),
594 1961 778 2026 nunquam
795 1943 979 2008 destitisse
996 1942 1043 2007 ad
1059 1943 1304 2008 sublevandas
1319 1961 1457 2027 regno

325 2070 404 2117 rum
423 2052 651 2116 calamitates
677 2067 828 2132 magnas
862 2049 1076 2132 largitiones
1108 2050 1244 2132 facere,
1264 2051 1315 2114 uti
1331 2069 1462 2134 prope
1521 2055 1522 2118 l

326 2159 524 2224 innumeris
541 2157 718 2239 exempIIs
734 2155 893 2221 ostendit
920 2157 1090 2221 laudatus
1119 2162 1156 2220 et
1183 2157 1463 2224 eruditissimus

325 2265 584 2332 Thomassinus
601 2264 662 2344 (2);
680 2281 774 2344 quae
792 2263 937 2344 quidem
953 2263 1178 2346 largitiones,
1192 2263 1300 2344 juxta
1316 2282 1461 2348 oppor-
1521 2313 1522 2366 ἱ

325 2381 451 2436 tunam
465 2369 818 2435 animadversionem
833 2367 1063 2435 Constantini
1074 2369 1274 2451 Roncaglia
1287 2369 1349 2455 (3),
1367 2370 1452 2436 “ve
1521 2367 1522 2458 l

326 2481 380 2544 lut
391 2480 474 2560 J'ure
487 2483 640 2543 naturae
654 2475 815 2541 dictante
828 2475 976 2558 flebant,
992 2494 1073 2541 oum
1085 2476 1316 2559 gratitudinis
1329 2477 1462 2542 virtus
1521 2461 1522 2548 I

326 2589 515 2666 exposcat,
533 2601 596 2648 eos
613 2583 717 2648 donis
734 2582 858 2663 affiici,
877 2601 938 2665 qur
929 2581 1136 2648 Ecclesiae
1159 2581 1290 2648 nodum
1306 2587 1456 2650 exstru

325 2697 471 2770 xerunt,
491 2689 556 2754 sod
573 2693 610 2754 et
626 2689 931 2772 locupletarunt.
1521 2689 1522 2770 l

414 2793 466 2859 25³
512 2793 615 2860 Sacri
632 2792 799 2860 Capones
816 2799 1018 2858 sanxerunt
1032 2793 1199 2858 societati
1213 2793 1323 2877 civili,
1338 2811 1459 2878 quam
1521 2811 1522 2898 l

325 2919 418 2968 vera
447 2901 646 2966 necessitas
674 2901 817 2984 premit,
848 2918 953 2985 opem
983 2900 1231 2982 auxiliumque
1263 2918 1309 2966 ex
1342 2902 1461 2968 bonis
1521 2913 1522 3004 l

326 3007 513 3074 Ecclesiae
530 3025 611 3072 esse
627 3008 828 3089 terendum,
848 3015 957 3090 atque
989 3009 1026 3074 id
1050 3027 1194 3092 semper
1217 3007 1263 3072 ab
1280 3006 1459 3074 Ecclesia
1521 3021 1522 3094 l

325 3116 462 3182 lactum
479 3114 591 3178 luisse
608 3114 875 3196 quamplurima
886 3115 998 3196 iacta,
1014 3133 1110 3200 quae
1121 3115 1318 3197 scriptores
1329 3115 1463 3180 omnis
1521 3097 1522 3176 l

326 3222 459 3287 aetatis
476 3225 514 3286 at
530 3219 699 3285 diversae
730 3221 850 3302 gentis
882 3226 1155 3304 congesserunt,
1186 3225 1223 3286 et
1252 3221 1462 3286 brevitatis

326 3328 447 3410 gratia
462 3327 543 3392 heic
560 3327 897 3409 praetermittimus,
916 3327 1155 3392 invictissime
1170 3325 1379 3392 ostendunt.
1521 3311 1522 3390 l

415 3433 461 3498 Et
483 3450 572 3498 sane
597 3429 797 3498 Concilium
825 3432 1073 3498 Lateranense
1089 3433 1143 3499 III
1161 3437 1257 3515 (can.
1276 3431 1380 3513 XIX)
1399 3435 1455 3502 in·

326 3539 448 3620 dulsit,
467 3543 506 3602 ut
518 3539 579 3603 ubi
596 3539 771 3604 laicorum
789 3555 877 3622 opes
894 3539 1053 3622 impares
1071 3545 1192 3604 essent
1207 3557 1273 3623 pro
1291 3541 1462 3622 publicis
1521 3537 1522 3616 l

326 3643 604 3712 necessitatibus
636 3643 862 3727 amovendis,
896 3643 945 3727 id,
976 3645 1223 3728 judicantibus
1255 3643 1461 3730 Episcopis

326 3755 364 3818 et
388 3749 508 3830 Claro,
526 3749 623 3832 quod
651 3768 801 3816 necesse
818 3756 916 3816 esset
932 3767 978 3816 ex
1002 3751 1241 3834 proventibus
1257 3749 1461 3819 Ecclesiae

325 3861 564 3940 tr·ibueretur;
599 3855 802 3924 Concilium
833 3863 954 3924 autem
986 3857 1234 3924 Lateranense
1265 3856 1316 3923 IV
1348 3857 1457 3944 (can.

394 4097 433 4162 (1)
470 4091 610 4165 DcOsfic.
623 4092 789 4160 Ministror„
799 4111 860 4165 cap.
874 4096 1005 4150 XXVIII

397 4169 437 4231 (a)
479 4163 654 4222 retusa.
668 4113 853 4237 studui
854 4167 872 4222 ι.
885 4168 936 4222 uu.
983 4183 1044 4221 οι.
1058 4167 1283 4236 xxvruuqq
1521 4137 1522 4196 I

396 4240 436 4304 (a)
471 4237 545 4290 Nota
562 4237 598 4292 ad
611 4253 671 4306 cap.
687 4239 750 4308 VII,
763 4243 814 4293 art.
829 4185 931 4294 tHiat.
1027 4239 1169 4293 .Natalis
1192 4238 1358 4302 Alexandri,
1372 4253 1458 4294 saec.

324 4309 398 4364 XIII
407 4313 437 4362 at
448 4307 529 4364 xlv
