3038 4994
824 375 1005 434 -224-

353 519 539 600 historico,
573 519 824 584 ecclesiastico
853 519 936 602 jure
967 525 1077 602 atque
1109 535 1218 584 sensu
1249 520 1472 586 traditionali

354 625 595 689 invictissime
613 625 858 689 ostendemus.

446 730 521 794 127.
569 729 774 812 Antequam
792 729 974 794 recensita
991 737 1208 812 argumenta
1238 731 1276 795 in
1309 733 1472 797 corrobo·

353 837 533 900 rationem
550 836 754 900 catholicae
771 837 939 900 veritatis
956 853 1193 918 exponamus,
1213 837 1352 919 aliquid
1375 855 1473 920 prae-

355 943 499 1006 mittere
518 961 608 1025 opus
627 949 683 1007 est
699 943 749 1006 ad
765 949 904 1008 rectam
917 942 1029 1006 thesis
1047 943 1341 1026 intelligentiam.

445 1048 493 1114 1.⁰
551 1049 645 1112 Dum
682 1051 914 1114 necessarium
949 1067 1199 1132 nuncupamus
1238 1049 1472 1132 temporalem

356 1152 514 1218 Sanctae
531 1153 634 1218 Sedis
651 1153 887 1234 dominatum,
906 1155 1086 1237 loquimur
1102 1155 1147 1219 de
1163 1155 1385 1220 necessitate
1407 1173 1471 1220 me-

355 1278 395 1325 re
412 1261 541 1324 morali
558 1279 601 1324 ac
619 1261 791 1340 relativa,
810 1279 882 1325 non
900 1277 988 1324 vero
1002 1260 1046 1324 de
1064 1261 1285 1330 necessitate
1302 1262 1469 1344 metaphi·

354 1367 432 1432 sica
446 1365 674 1448 etabsoluta;
694 1367 834 1432 sienim
851 1383 909 1431 res
927 1367 1094 1432 absolute
1122 1372 1326 1450 spectetur,
1356 1373 1470 1432 notum

354 1477 410 1536 eat
423 1472 625 1537 Ecclesiam
644 1473 796 1556 ejusque
813 1473 958 1537 visibile
972 1469 1090 1555 Caput
1106 1473 1307 1538 Romanum
1336 1473 1467 1538 Pontii·

354 1597 433 1644 cem
447 1598 516 1662 ope
534 1581 718 1644 materiali
737 1587 775 1644 et
791 1580 951 1645 humana
981 1580 1077 1646 hand
1108 1579 1285 1663 indigere,
1321 1580 1467 1664 quando·

354 1686 499 1768 quidem
517 1705 584 1768 pro
602 1705 641 1750 se
655 1687 793 1751 habent
813 1687 957 1750 divinas
970 1687 1228 1771 promissiones
1256 1689 1466 1769 perpetuita-

356 1793 400 1856 tis
415 1799 524 1874 atque
538 1793 878 1874 indefectibilitatis,
889 1793 1052 1884 adeoque
1066 1793 1135 1857 etsi
1147 1793 1347 1858 delicerent
1360 1795 1467 1858 omnia

354 1899 514 1964 humana
531 1901 715 1982 praesidia
744 1907 780 1964 et
813 1901 1025 1982 ingruerent
1058 1900 1300 1982 undequaque
1334 1901 1464 1978 damna,

354 2023 549 2088 pressurae
566 2011 603 2072 et
620 2007 893 2088 insectationes,
909 2005 1075 2070 Ecclesia
1089 2012 1126 2070 et
1137 2005 1353 2088 Apostolica
1370 2007 1465 2071 Sedes

355 2111 473 2176 adhuc
491 2119 786 2194 perseverarent,
802 2115 896 2176 sicut
913 2113 1038 2177 firmae
1051 2119 1088 2178 et
1106 2113 1309 2178 immobiles
1334 2113 1464 2178 exstite-

355 2237 394 2284 re
410 2221 523 2284 tribus
543 2222 667 2303 primis
684 2221 853 2301 saeculis,
870 2221 906 2284 in
931 2221 1061 2302 quibus
1088 2219 1187 2284 Deus
1214 2220 1333 2284 voluit
1358 2220 1464 2284 Eccle-

354 2327 446 2390 siam
463 2327 661 2410 propagari
681 2335 717 2391 et
733 2327 945 2391 conservari
963 2343 1189 2410 quocumque
1203 2326 1362 2391 humano
1379 2325 1463 2389 auxi·

354 2433 403 2498 lio
422 2433 646 2516 destitutam,
665 2441 703 2498 ut
720 2435 771 2498 ita
790 2433 929 2498 cunctis
943 2439 1087 2516 pateret
1104 2435 1182 2515 ejus
1199 2433 1384 2498 divinitas.
1413 2432 1462 2494 Sin
1496 2497 1497 2513 ,

354 2557 443 2604 vero
463 2557 520 2603 res
539 2541 604 2604 sub
620 2547 771 2622 aspectu
788 2540 916 2604 morali
935 2545 970 2603 et
986 2540 1143 2604 relativo
1161 2539 1388 2621 inspiciatur,
1406 2539 1461 2600 hoc
1495 2569 1496 2591 r

354 2651 422 2728 est,
450 2651 628 2728 quatenus
657 2663 757 2710 mens
787 2663 830 2710 ae
863 2647 1033 2710 voluntas
1067 2643 1200 2710 Christi
1233 2645 1270 2709 in
1302 2646 1461 2710 societate

354 2751 527 2832 religiosa
540 2771 606 2833 pro
622 2751 826 2816 hominibus
844 2751 1066 2816 instituenda
1078 2751 1255 2832 ejusmodi
1267 2751 1349 2834 luit,
1365 2749 1459 2815 utEc·
1492 2809 1493 2825 ,

354 2856 468 2920 alesia
485 2875 506 2919 a
523 2875 562 2920 se
576 2857 722 2921 condita
735 2858 948 2922 normaliter
973 2856 1191 2940 procederet
1218 2862 1330 2940 atque
1361 2853 1457 2920 subsi-
1491 2879 1492 2903 r

355 2962 423 3026 diis
440 2964 606 3028 humanis
626 2969 800 3044 uteretur,
820 2981 961 3028 necnon
985 2965 1143 3028 relative
1176 2964 1224 3028 ad
1243 2966 1458 3030 circumstan·

355 3069 426 3134 tias
443 3087 505 3133 seu
524 3088 590 3152 pro
609 3075 812 3152 temporum
830 3087 874 3133 ac
890 3087 1011 3134 rerum
1029 3069 1210 3150 adjunctis
1226 3069 1296 3134 sibi
1313 3069 1458 3134 ordinate
1488 3109 1489 3137 ,

354 3181 570 3258 procuraret
588 3177 710 3240 omnia
725 3193 818 3258 quae
833 3175 1042 3240 necessaria
1054 3176 1115 3240 vel
1133 3181 1339 3258 opportuna
1357 3182 1457 3239 essent

354 3281 401 3346 ad
419 3282 587 3346 tutiorem
605 3287 642 3345 et
661 3281 923 3362 expeditiorem
936 3282 992 3346 sui
1009 3281 1089 3345 linis
1119 3283 1415 3360 consecutionem,
1429 3278 1456 3340 in

354 3389 423 3453 hoe
437 3406 543 3452 sensu
558 3389 716 3452 inficiari
734 3389 860 3471 nequit
890 3390 1090 3453 necessitas
1118 3390 1220 3470 regni
1247 3386 1452 3472 temporalis,

353 3499 393 3558 ut
408 3495 463 3560 lu'c
478 3503 508 3560 et
525 3517 628 3576 nunc,
643 3513 785 3576 nempe,
805 3494 1022 3576 praehabita
1045 3501 1083 3558 et
1113 3495 1181 3560 rite
1210 3511 1388 3577 perpensa
1415 3489 1452 3553 dl·

353 3601 496 3666 visione
514 3602 675 3682 gentium
690 3601 971 3666 christianarum
987 3602 1022 3664 in
1039 3601 1145 3684 plura
1159 3618 1287 3684 regna,
1312 3601 1348 3666 S.
1365 3596 1454 3664 Sedes

353 3724 444 3772 vera
459 3713 495 3770 et
512 3707 718 3771 omnimoda
735 3708 905 3772 libertate
921 3707 1076 3772 fruatur.

442 3813 497 3878 2.⁰
543 3812 800 3896 Subjnngimus
818 3814 1015 3899 adplenum
1030 3818 1067 3878 et
1094 3815 1281 3880 evidentem
1306 3812 1342 3878 S.
1372 3808 1452 3876 Sedis

352 3921 575 4002 libertatem,
592 3925 668 3985 tum
687 3921 772 4003 quia
788 3921 987 4004 requiritur
1013 3923 1054 3985 ut
1080 3937 1204 3986 omnes
1228 3921 1306 3986 sine
1329 3913 1450 4001 impedi·

356 4032 478 4094 mento
495 4027 543 4091 ad
560 4024 695 4092 Christi
712 4027 896 4092 Vicarium
921 4027 1098 4093 accedere
1122 4027 1273 4094 valeant
1300 4043 1377 4092 cnm
1407 4036 1449 4084 eo·

352 4151 423 4218 que
441 4133 725 4216 communicare,
744 4140 780 4198 et
796 4133 874 4216 ipse
887 4133 993 4198 simul
1010 4151 1112 4200 suam
1126 4135 1349 4200 voluntatem
1361 4125 1448 4195 onni-

352 4241 420 4306 bus
459 4239 696 4304 manifestare
731 4247 842 4322 queat
879 4241 1016 4323 absque
1048 4240 1121 4306 ullo
1149 4241 1312 4324 periculo
1338 4255 1397 4323 pro
1418 4245 1447 4294 ⁵2
