3062 4994
560 349 738 410 -133-

105 493 230 576 quoties
246 494 363 578 Reges
376 494 527 560 cremati
543 499 627 558 sunt
640 497 750 576 atque
763 496 927 576 tempore
944 492 966 558 J
969 493 1024 557 uir
1038 493 1135 556 tertii
1148 491 1170 556 J
1173 509 1208 556 u·

105 599 182 664 dicis
195 600 309 664 Israel
325 601 599 665 incinerationis
616 600 749 664 mentio
768 597 818 682 lit,
838 615 914 664 mos
948 598 1120 666 humandi
1150 615 1208 662 ca-

103 703 227 772 davera
250 707 507 789 itainPopulo
539 706 721 772 Hebraico
754 706 1022 789 perseveravit,
1058 711 1096 774 ut
1127 711 1210 788 post

101 801 340 894 captivitatem
367 813 625 895 babylonicam
643 815 818 878 crematio
835 830 980 895 semper
1008 811 1134 876 habita
1162 813 1209 876 sit

103 922 273 1001 tamquam
288 937 348 984 res
365 919 592 985 detestabilis
606 925 643 984 et
655 921 745 984 ritus
762 936 910 1002 prorsus
927 935 1104 1000 paganus.

178 1024 308 1091 Graeci
328 1027 481 1108 primam
500 1027 733 1092 cremationis
766 1026 943 1108 originem
972 1024 1120 1089 Herculi
1148 1024 1208 1088 tri·

102 1129 253 1212 buerunt,
271 1141 307 1195 et
322 1133 418 1195 inter
447 1149 509 1195 eos
537 1148 664 1212 rogum
685 1130 842 1194 Patrocli
869 1129 1094 1193 notissimum
1111 1127 1204 1200 illia

101 1235 159 1300 dae
176 1237 375 1320 episodium
392 1238 590 1302 constituit:
609 1237 754 1319 Pelasgi
771 1237 879 1302 etiam
910 1253 954 1302 ac
978 1234 1207 1300 Proto-Etru·

100 1343 146 1406 sci
159 1349 319 1408 mortuos
337 1343 613 1408 comburebant.
914 1337 916 1342 ’
1206 1343 1208 1348 ’

177 1449 284 1531 Apud
301 1457 446 1514 veteres
463 1450 645 1516 Romanos
662 1466 738 1512 mos
756 1447 955 1512 communis
986 1445 1055 1508 fuit
1086 1444 1208 1508 huma-

101 1555 155 1636 tio,
172 1559 222 1621 uti
238 1558 348 1622 facile
362 1559 501 1622 eruitur
519 1575 565 1622 ex
583 1557 895 1640 explorationibus
909 1556 1008 1620 circa
1033 1552 1208 1618 Constan-

102 1661 201 1726 tinam
217 1665 337 1744 factis,
358 1681 405 1728 ex
422 1665 668 1729 celeberrimis
685 1663 987 1729 execrationibus
1004 1677 1091 1725 cura
1109 1663 1146 1723 et
1159 1657 1218 1722 di·v

102 1769 249 1833 rectione
268 1769 501 1834 Schliemann
518 1788 633 1852 prope
649 1770 840 1852 Mycenam
858 1769 1031 1850 peractis,
1066 1783 1208 1832 necnon

102 1888 141 1936 ex
151 1875 293 1938 coeletis
312 1875 525 1957 ossibusque
543 1877 676 1940 nostris
693 1875 819 1940 diebus
837 1891 902 1956 per
934 1874 1121 1955 egregium
1152 1889 1207 1936 ar·

100 1981 328 2063 quaeologum
344 1981 523 2046 loannem
535 1983 575 2046 B.
593 1982 749 2048 deRossi
761 1982 797 2046 in
808 1979 1011 2061 Cantalupo
1022 1981 1129 2060 juxte
1141 1979 1207 2042 Ro·

105 2103 185 2151 nam
212 2087 378 2152 detectis:
412 2089 528 2154 serius
546 2095 668 2154 tamen
696 2107 761 2171 pro
792 2087 1026 2170 optimatibus
1054 2085 1209 2149 obtinuit

101 2195 262 2258 crematio
296 2194 356 2258 vel
384 2195 504 2276 potius
534 2199 687 2276 uterque
714 2195 805 2258 ritus
833 2193 987 2257 usitatus
1013 2189 1205 2272 reperitur3

103 2301 219 2365 etenim
238 2318 284 2366 ex
301 2301 464 2366 Historia
480 2307 623 2366 constat
639 2301 792 2366 Numam
823 2299 1038 2381 Pompilium
1070 2313 1207 2360 crema·

103 2404 221 2471 tionem
239 2409 295 2472 sui
308 2407 501 2472 cadaveris
516 2425 691 2491 expresse
704 2413 862 2490 vetasse,
877 2412 913 2472 et
928 2405 1065 2470 Tullius
1080 2401 1207 2468 Cicero

105 2519 214 2578 narrat
228 2513 384 2580 Marium
396 2515 621 2579 inhumatum
637 2515 758 2588 inisse,
773 2520 881 2596 atque
896 2530 916 2576 e
929 2515 1057 2576 contra
1070 2509 1209 2592 Syllam

102 2616 169 2695 ejus
198 2620 353 2685 rivalem
387 2621 571 2685 exstitisse
602 2621 758 2703 primum
789 2637 835 2684 ex
867 2618 1007 2684 familia
1039 2614 1210 2682 Cornelia

103 2721 240 2790 flammis
256 2727 443 2792 traditum.

178 2831 305 2912 Quoad
322 2838 489 2898 caeteras
503 2831 712 2899 Occidentis
740 2839 880 2915 gestae,
900 2834 1007 2915 juxta
1039 2829 1206 2914 probabi·

103 2931 214 3004 liorem
228 2941 490 3022 conjecturam,
509 2940 626 3022 Harii,
646 2941 719 3023 qui,
739 2957 785 3004 ex
801 2941 1009 3022 regionibus
1026 2935 1206 3002 montanis

104 3038 208 3110 Pamir
224 3046 356 3126 exorti,
371 3046 536 3128 germina
554 3063 673 3112 novae
691 3046 856 3110 culturae
874 3051 911 3110 et
929 3045 1112 3110 ulterioris
1126 3059 1207 3124 pro-

103 3162 215 3224 gresus
232 3153 271 3215 in
287 3149 434 3234 Europa
445 3152 583 3233 jecero,
600 3169 701 3216 usum
715 3152 948 3217 cremationis
965 3168 1030 3233 pro
1056 3147 1206 3212 mortuis

104 3269 295 3339 propagare
312 3264 519 3341 coeperunt.

180 3363 285 3446 Apud
299 3363 525 3430 Christianos
541 3383 631 3430 vero
648 3383 793 3449 semper
805 3366 961 3430 invaluit
973 3363 1146 3444 humatio,
1162 3362 1206 3426 si-

104 3482 143 3530 ve
157 3471 239 3552 quia
257 3472 466 3553 exemplum
479 3471 775 3538 Patriarchorum
793 3478 830 3536 et
860 3471 987 3554 Populi
1006 3469 1074 3534 Dei
1105 3468 1209 3551 sequi

105 3577 307 3659 maluerunt,
325 3579 504 3662 sivequia
526 3597 662 3644 morem
682 3567 853 3645 humandi
876 3579 1077 3661 apostolico
1105 3594 1208 3661 prae-

104 3689 196 3763 cspto
224 3684 411 3750 inductum
429 3703 617 3768 censuere,
635 3687 716 3750 sive
743 3687 885 3752 demum
919 3687 1003 3768 quia
1032 3684 1209 3767 eJusmodi

106 3786 182 3852 ritus
198 3790 336 3856 notioni
353 3791 575 3856 christianae
592 3793 718 3882 mortis
735 3797 771 3858 et
788 3793 940 3858 salutari
957 3793 1036 3874 spei
1064 3793 1209 3856 futurae

105 3897 366 3962 resurrectionis
383 3900 499 3981 magis
517 3917 697 3970 consonus
727 3905 763 3964 et
790 3901 1015 3983 adaequatus
1048 3898 1206 3977 videtur,

105 3999 266 4082 siquidem
279 4004 511 4089 christianus,
531 4008 592 4090 qui
609 4007 668 4090 pie
693 4008 778 4089 obit,
799 4009 977 4074 dormitet
993 4007 1029 4070 in
1047 4023 1138 4087 pace
1154 4025 1209 4070 re-

104 4108 234 4186 quiescit
250 4119 452 4198 ecspcotaua
469 4113 665 4178 secundam
682 4119 719 4178 et
748 4121 935 4178 aeternam
952 4115 1007 4178 sui
1043 4115 1208 4196 corporis

105 4226 176 4278 cum
191 4220 309 4283 anima
322 4219 627 4303 conjunctionem,
646 4219 799 4302 ideoque
817 4221 894 4302 ejus
912 4219 1058 4285 residua
1076 4224 1207 4300 morta·
