3062 4994
780 311 959 372 ..142-

308 457 488 538 quatenus
502 453 691 520 christiani
714 458 799 519 sunt
815 459 852 522 et
867 453 1059 520 Ecclesiae
1074 453 1249 536 membra,
1267 453 1446 518 modera-

309 565 381 642 tur;
398 561 467 626 hoc
479 577 594 642 genus
612 561 828 644 disciplinae
842 579 865 626 a
880 560 1121 644 Theodereto,
1140 561 1202 644 qui
1219 561 1372 644 loquens
1393 561 1447 626 de

309 665 477 732 Patribus
505 666 677 732 Nicaenis
694 667 746 731 ita
777 667 840 732 ait:
862 666 968 732 “Post
994 667 1090 742 haec
1117 685 1242 734 rursus
1270 669 1447 734 inunum

310 773 572 840 convenientes
599 773 645 838 de
668 773 921 838 ecclesiastica
938 773 1067 857 politia
1084 775 1215 856 viginti
1233 775 1333 856 leges
1351 791 1446 840 con·

309 881 511 964 scripsere,
532 881 593 962 (l),
613 880 738 945 tritam
755 880 1087 948 denominationem
1097 882 1246 966 politior
1278 881 1447 948 occlama-

309 987 416 1052 aticae
429 987 596 1052 sortitum
610 991 677 1050 est.

400 1091 455 1156 83.
503 1091 525 1156 J
528 1110 586 1156 am
600 1109 702 1171 vero,
717 1091 763 1158 de
776 1092 969 1174 disciplina
982 1093 1186 1179 dopmotico,
1204 1093 1356 1180 dopmoti
1376 1095 1446 1162 ad·

311 1219 402 1266 uoco
419 1203 455 1263 et
471 1199 636 1285 liturpiou
653 1199 753 1264 nulla
774 1200 872 1282 viget
889 1202 1153 1280 controversia,
1173 1217 1297 1266 omnes
1327 1201 1444 1282 siqui·

313 1306 394 1370 dem
408 1305 571 1370 unanimi
587 1323 768 1372 consensu
781 1323 825 1370 ao
838 1305 966 1371 libenti
979 1305 1099 1370 animo
1113 1306 1276 1372 latentur
1288 1309 1442 1388 cuncta,

312 1429 407 1496 quae
423 1413 470 1478 ad
488 1412 692 1477 doctrinam
715 1411 799 1478 ndei
823 1429 1036 1496 morumque
1068 1419 1280 1496 praecepta,
1300 1413 1348 1478 ad
1375 1411 1444 1479 Sa-

313 1525 501 1584 cramenta
517 1523 554 1584 et
580 1519 849 1584 sanctissimum
874 1519 1008 1584 Missae
1031 1518 1268 1600 Sacrificium,
1293 1535 1445 1584 necnon

313 1624 361 1690 ad
377 1624 513 1690 cultum
531 1623 600 1688 Dei
627 1630 663 1688 et
691 1625 847 1690 salutem
864 1625 1067 1690 animarum
1095 1626 1263 1708 attinent,
1282 1629 1445 1690 tantum·

314 1731 419 1798 modo
448 1731 485 1796 in
513 1735 695 1813 potestate
724 1731 913 1796 Ecclesiae
936 1733 1057 1815 posita
1074 1749 1167 1813 esse;
1199 1750 1298 1814 nam,
1319 1737 1357 1796 ut
1388 1731 1446 1798 ait

313 1839 441 1906 Petrus
458 1838 513 1903 De
529 1837 666 1904 Marna:
687 1837 762 1904 “De
780 1839 921 1920 ritibus,
951 1839 1194 1921 caerimoniis,
1225 1837 1445 1906 Sacramen-

315 1946 373 2028 tis,
388 1943 486 2010 Oleri
498 1945 700 2026 iunctione,
717 1945 996 2027 conditionibus,
1012 1962 1180 2026 censura,
1195 1951 1231 2010 et
1244 1945 1445 2027 disciplina

315 2069 474 2118 canones
492 2071 514 2116 a
531 2051 716 2134 Consiliis,
736 2057 773 2116 et
799 2052 947 2117 decreta
964 2071 986 2116 a
1002 2051 1236 2118 Pontificibus
1253 2053 1443 2134 Romanis,

315 2163 500 2243 tamquam
520 2158 565 2224 de
582 2158 738 2222 materia
751 2158 818 2222 sibi
833 2158 1011 2240 subjecta,
1025 2157 1316 2241 frequentissime
1329 2156 1446 2222 edun-

317 2269 388 2350 tur,
407 2269 443 2330 et
460 2265 524 2330 vix
538 2265 615 2329 ulla
632 2265 788 2348 proferri
804 2270 924 2346 potest
937 2265 1146 2330 constitutio
1160 2267 1325 2330 veterum
1338 2263 1445 2328 Prin·

317 2373 450 2454 cipum,
470 2389 565 2454 quae
585 2370 656 2436 hac
683 2369 786 2434 dere
809 2371 886 2436 lata
917 2372 1028 2438 fuerit
1056 2387 1102 2434 ex
1118 2387 1216 2435 mero
1246 2370 1446 2453 potestatis

315 2479 518 2544 saecularis
536 2477 703 2560 imperio.
723 2477 875 2542 Secutae
893 2477 1038 2560 quidem
1054 2477 1125 2542 hac
1148 2477 1185 2542 in
1201 2483 1307 2558 parte
1338 2476 1446 2558 leges
1520 2545 1521 2552 χ

317 2584 482 2668 publicas
511 2583 689 2664 videmus;
709 2583 773 2648 sed
801 2601 874 2648 non
904 2583 1145 2650 antecessisse
1158 2583 1266 2665 juxta
1283 2589 1446 2648 mentem

316 2691 335 2755 J
342 2690 524 2770 ustiniani,
545 2690 606 2772 qui
629 2689 786 2754 Novella
801 2690 844 2752 83
862 2690 925 2770 ait,
945 2689 1044 2772 ipsas
1062 2690 1163 2772 leges
1180 2695 1263 2772 post
1282 2705 1444 2756 canones

317 2799 355 2860 et
370 2795 417 2859 ad
432 2795 515 2860 illos
546 2797 724 2862 fovendos
757 2797 828 2862 edi.
850 2795 953 2878 Quod
981 2798 1175 2864 discrimen
1207 2798 1239 2863 si
1268 2804 1446 2864 accurate

318 2901 577 2984 expendissent
595 2905 771 2968 neoterici
799 2905 960 2987 quidam,
989 2923 1063 2970 nou
1095 2903 1186 2970 adeo
1216 2921 1256 2970 se
1272 2903 1445 2968 absurdis

317 3008 548 3092 opinionibus
565 3008 840 3092 implicuissent,
858 3011 987 3092 quibus
1017 3011 1273 3076 auetorltatem
1305 3009 1446 3074 Princi-

319 3135 403 3206 pum
422 3117 519 3182 ultra
536 3115 669 3180 limites
687 3133 709 3178 a
722 3115 800 3180 Deo
819 3117 1068 3201 praescriptos
1086 3116 1297 3201 porrigunt“
1317 3117 1380 3200 (2).

408 3223 479 3290 Sed
507 3241 641 3306 magna
657 3223 762 3288 adest
792 3223 989 3306 disputatio
1016 3225 1117 3290 circa
1134 3233 1313 3292 cateruam
1337 3223 1447 3290 disci·

319 3333 471 3415 plinam;
502 3331 635 3396 etenim
664 3329 897 3413 Febronianl,
927 3332 1141 3398 Janseniani
1171 3349 1216 3398 ac
1233 3331 1448 3413 Regalistae

320 3438 409 3504 nihil
438 3455 511 3502 non
528 3437 644 3502 moliti
662 3441 758 3517 sunt,
779 3443 818 3503 ut
846 3445 1080 3505 resecaremus
1108 3439 1169 3504 vel
1196 3439 1448 3523 temporalibus

319 3544 477 3610 aduenae
493 3541 541 3606 ad
557 3543 782 3625 Religionem
811 3547 1021 3626 spectantes
1054 3543 1155 3610 civili
1179 3544 1332 3626 lmperlo
1364 3543 1448 3609 sub·

316 3651 486 3733 jicerent.
502 3648 548 3716 Et
564 3667 666 3731 sane,
685 3651 832 3732 patroni
848 3669 892 3716 ac
909 3651 1121 3716 defensores
1138 3651 1246 3733 huJus
1265 3667 1448 3716 erroneae

321 3761 358 3824 et
394 3756 541 3840 iniquae
575 3757 853 3841 praetensionls,
883 3763 1121 3842 praepostere
1157 3759 1448 3840 interpretantes

320 3869 443 3948 atque,
473 3864 683 3946 plusquam
709 3880 865 3948 aequum
883 3871 951 3948 est,
982 3863 1247 3948 amplificantes
1264 3863 1448 3930 nobilissi-

322 4011 481 4024 m

394 4135 434 4200 (l)
470 4133 576 4190 Hister.
590 4133 691 4190 Euclea.
705 4137 753 4189 lib.
767 4137 790 4204 1,
803 4152 863 4204 cap.
875 4139 899 4188 8.

393 4206 432 4276 (l)
470 4207 674 4274 Prolegomena
686 4209 723 4262 ad
736 4207 860 4262 librosde
875 4205 1023 4262 Concordia
1035 4205 1192 4273 amount,
1201 4209 1229 4262 at
1237 4204 1364 4276 imperii,
