3062 4994
810 365 968 424 ..95-

329 511 417 576 tium
431 510 602 575 diversae
620 509 820 591 religionis,
839 509 919 574 sive
936 507 1152 588 catholicae,
1169 507 1248 572 siva
1278 506 1452 570 schisma·

329 618 437 698 tinae,
456 619 535 681 sive
547 615 769 694 haereticae;
798 616 884 680 licet
897 615 992 680 enim
1007 615 1173 680 Ecclesia
1188 614 1270 695 lege
1295 615 1452 678 necessi·
1525 617 1526 702 ζ

330 725 415 789 tatis
448 723 557 786 ducta
591 722 627 786 id
656 723 868 804 permittere
899 721 1026 803 possit,
1056 725 1180 784 tamen
1206 721 1368 802 iniquum
1397 725 1454 784 est
1525 797 1526 810 2

330 847 409 896 eam
427 828 474 892 ad
490 829 560 893 loci
573 829 669 893 sacri
682 829 915 892 sanctitatem
932 825 1143 891 violandam
1159 843 1304 908 cogere;
1328 824 1349 906 ἲ)
1373 847 1451 912 pra·

329 937 442 1002 eundo
460 934 614 1017 publicis
646 933 887 1016 vectigalibus
907 933 988 996 loca
1008 932 1057 997 ad
1075 933 1211 997 cultum
1236 932 1399 998 divinum
1417 938 1455 996 et
1525 935 1526 960 i

330 1042 517 1122 religionis
530 1039 651 1104 officia
664 1039 824 1103 addicta.

421 1147 476 1210 54.
526 1145 587 1210 Sin
605 1163 694 1211 vero
712 1163 830 1210 sermo
847 1146 894 1210 sit
910 1145 955 1210 de
972 1147 1057 1212 tocie
1068 1147 1233 1230 publicis,
1252 1145 1305 1210 uti
1319 1145 1453 1227 plateis
1525 1135 1526 1194 ἒ

331 1257 367 1318 et
394 1253 476 1331 viis,
497 1269 568 1316 non
586 1253 798 1334 specialiter
822 1251 1013 1316 destinatis
1047 1253 1159 1316 cultui
1192 1250 1316 1315 divino
1335 1267 1454 1335 neque
1525 1305 1526 1338 Ξ

330 1359 576 1443 peculiaribus
594 1359 716 1423 usibus
733 1359 908 1440 profanis,
928 1357 1092 1424 Ecclesia
1106 1379 1173 1444 per
1189 1379 1224 1423 ee
1256 1365 1292 1422 et
1309 1359 1455 1422 absolu·
1525 1343 1526 1414 l

331 1469 368 1530 te
384 1465 650 1547 loquendo,hoc
663 1471 729 1544 est,
746 1465 782 1527 in
795 1467 893 1528 statu
905 1465 1092 1528 societatis
1111 1464 1265 1528 normali
1279 1465 1363 1545 jure
1379 1467 1454 1546 pol·

332 1572 383 1635 let
399 1571 574 1652 quosdam
604 1575 707 1634 actus
722 1569 882 1652 religiosi
901 1571 1018 1634 cultus
1037 1569 1232 1634 exercendi
1261 1559 1340 1634 sive
1358 1577 1454 1635 tran·
1525 1573 1526 1654 ζ

331 1679 450 1744 aiter-ie
460 1678 696 1760 processiones
716 1676 916 1741 ordinando
931 1677 1014 1740 sive
1029 1685 1270 1760 permanenter
1286 1679 1456 1761 imagines

331 1783 501 1866 publicae
516 1783 744 1846 venerationi
758 1782 975 1846 exhibendo.
992 1781 1157 1847 Diximus
1169 1803 1236 1867 per
1251 1803 1286 1848 ae
1300 1793 1337 1846 et
1350 1785 1456 1846 abso·

333 1889 409 1952 lute
426 1888 620 1970 loquendo,
640 1889 724 1971 quia
736 1909 802 1973 per
825 1889 986 1954 accidens
1002 1907 1066 1952 seu
1098 1889 1136 1954 in
1159 1893 1259 1953 statu·
1274 1891 1457 1953 anormali
1525 1947 1526 1970 ἢ

332 1995 410 2060 fieri
429 1999 551 2078 potest
568 1996 740 2078 suspendi
757 1997 971 2060 exercitium
988 1996 1092 2077 lruJus
1107 1997 1212 2077 juris,
1230 1996 1376 2078 quando
1394 1997 1458 2060 vel

333 2102 504 2168 catholici
521 2103 628 2185 pauci
644 2103 782 2167 suntin
800 2103 978 2166 societate
995 2111 1032 2166 et
1049 2103 1209 2184 ipsorum
1228 2103 1356 2183 religio
1382 2121 1458 2166 non
1525 2089 1526 2156 ἶ

332 2211 532 2292 recognita,
548 2209 609 2272 vol
622 2208 770 2292 aliquod
788 2209 975 2274 immineat
988 2209 1175 2273 seditionis
1189 2210 1390 2292 periculum
1410 2211 1457 2272 ob
1525 2227 1526 2250 ¹

332 2325 514 2380 sectarum
532 2332 719 2379 numerum
733 2321 770 2378 et
783 2315 1088 2396 praepotentiam.
1525 2313 1526 2380 ἶ

421 2421 467 2485 Et
491 2438 530 2486 re
555 2419 699 2504 quidem
731 2438 833 2502 vera,
853 2419 1019 2485 Ecclesia
1047 2438 1131 2485 suos
1164 2421 1255 2484 ritus
1280 2437 1459 2484 exercere
1525 2427 1526 2504 l

332 2531 453 2608 potest
470 2529 507 2591 in
523 2527 614 2592 locis
626 2527 781 2609 publicis
795 2545 860 2608 per
868 2529 1118 2612 processiones,
1133 2531 1207 2590 tum
1225 2529 1456 2607 necessarias,

333 2633 385 2695 uti
404 2650 496 2714 quae
517 2633 696 2698 Viaticum
714 2633 934 2698 comitantur
950 2634 1009 2698 vel
1044 2634 1202 2698 fidelium
1234 2651 1393 2715 corpora
1421 2635 1459 2697 in
1525 2635 1526 2682 ἒ

333 2739 556 2820 sepulturam
585 2740 764 2820 deferunt,
783 2744 857 2804 tum
887 2758 985 2804 mere
1013 2742 1458 2823 nttlea,putsperegrina-
1525 2803 1526 2808 ,

333 2845 482 2924 tionum,
498 2844 707 2928 imaginum,
729 2846 965 2927 reliquiarum
990 2850 1026 2910 et
1043 2847 1285 2930 rogationum;
1306 2848 1457 2927 etenim,
1525 2885 1526 2890 κ

333 2951 362 3032 ⁸)
379 2951 456 3015 Deo
472 2951 612 3017 debitus
630 2957 685 3016 est
702 2954 819 3017 cultus
851 2953 1032 3036 publicus,
1052 2959 1088 3018 et
1121 2954 1266 3036 quidem
1295 2956 1341 3018 ab
1375 2956 1460 3036 ipsa
1525 2993 1526 3034 t

333 3059 510 3125 societate
528 3058 685 3123 humana
703 3060 956 3141 praestandus;
992 3062 1159 3143 quamvis
1188 3067 1308 3126 autem
1336 3062 1459 3126 cultus

333 3165 500 3249 publicus
517 3166 735 3248 regulariter
753 3175 969 3232 exerceatur
985 3169 1022 3231 in
1040 3169 1129 3232 locis
1162 3167 1277 3233 sacris
1306 3167 1353 3232 ad
1386 3169 1458 3233 hoc

334 3271 545 3354 designatis,
565 3277 688 3336 tamen
706 3273 822 3354 major
840 3278 896 3338 est
911 3273 1106 3356 publicitas
1137 3279 1175 3338 et
1201 3274 1406 3356 recognitio
1437 3293 1460 3338 a

334 3378 509 3442 societate
540 3377 618 3442 Deo
649 3377 796 3458 tributa,
827 3395 907 3442 cum
925 3379 1146 3461 perplateas
1175 3379 1275 3461 ipsas
1301 3385 1338 3442 et
1371 3380 1457 3444 vias
1525 3429 1526 3436 κ

334 3483 498 3564 publicas
516 3483 633 3564 datur;
653 3483 690 3547 in
707 3481 852 3565 templis
871 3485 1094 3550 conveniunt
1111 3491 1251 3548 tantum
1267 3485 1455 3564 volenteS,
1525 3523 1526 3552 1

335 3587 417 3650 dnm
431 3589 466 3650 in
480 3590 771 3672 processionibus
784 3591 896 3654 etiam
905 3589 1018 3670 tepidi
1030 3595 1066 3654 et
1079 3591 1307 3672 negligentes
1317 3591 1459 3656 cultum
1525 3627 1526 3668 3

334 3693 495 3758 divinum
528 3692 754 3774 exhibentzi)
772 3696 809 3759 in
843 3696 997 3777 publicis
1033 3697 1326 3778 processionibus
1354 3697 1458 3762 Deus
1525 3693 1526 3732 ⁴

334 3801 544 3882 agnoscitur
557 3807 668 3883 atque
682 3802 856 3866 adoratur
869 3819 993 3867 coram
1010 3807 1110 3868 terra
1124 3807 1161 3868 et
1178 3804 1293 3884 coelo,
1309 3821 1458 3870 necnon
1525 3829 1526 3872 1

309 3903 313 3912 '
335 3906 469 3990 optime
486 3905 701 3986 exprimitur
713 3923 921 3988 supremum
938 3909 1017 3990 eJus
1041 3909 1078 3972 in
1108 3927 1232 3974 omnes
1265 3915 1459 3974 creaturas
1525 3901 1526 3912 ἶ

334 4012 543 4090 dominium,
562 4011 741 4095 simulque
765 4013 918 4080 hominis
951 4015 1165 4098 obsequium
1182 4033 1226 4080 ac
1243 4019 1459 4082 necessaria
1525 3991 1526 4084 J

335 4116 590 4199 dependentia:
608 4117 633 4203 ⁰)
650 4117 776 4184 modus
793 4118 910 4185 Deum
927 4138 993 4203 per
1010 4121 1280 4204 processionem
1309 4123 1458 4188 colendi

335 4221 541 4304 significare
553 4223 699 4290 videtur
713 4241 857 4291 cursum
869 4225 1050 4292 humanae
1068 4228 1167 4294 vitae
1180 4233 1217 4292 et
1242 4230 1458 4310 peregrina·
1525 4233 1526 4308 f
