3038 4994
533 381 715 440 -217-

21 567 22 588 t
83 521 144 588 dice
158 541 263 606 quam
277 523 439 606 legitime
455 524 502 589 ab
522 525 735 607 Apostolica
752 523 844 590 Sede
874 525 1083 590 obtineatur
1100 533 1189 592 tem·

83 629 199 710 poralis
226 629 459 713 Principatus
482 648 552 713 quo
583 630 751 713 praedita
784 636 853 714 est,
884 632 974 696 satis
1006 649 1189 715 superque

82 735 168 800 uobis
193 735 342 801 videtur
357 753 551 802 recensere
583 755 664 801 curn
696 736 913 802 doctissimis
946 739 1189 820 scriptoribus

82 839 256 925 Brunengo
274 848 384 926 atqua
396 843 556 908 Perrone
569 844 605 908 in
615 845 821 926 praeclaris
836 844 1007 927 operibus
1020 846 1189 927 superius

83 947 222 1013 laudatis
241 949 458 1033 praecipuos
476 955 513 1014 et
528 950 752 1016 firmissimos
765 951 904 1030 titulos,
924 951 1053 1033 quibus
1067 949 1189 1016 Ponti·

82 1051 148 1117 ficia
164 1053 378 1120 Monarchia
390 1055 552 1138 fulcitur,
566 1056 751 1121 videlicet:
771 1053 799 1139 ⁸)
805 1058 991 1140 politicam
1006 1059 1188 1122 necessita·

83 1167 146 1241 tem,
162 1161 335 1243 quaelex
367 1179 539 1244 suprema
556 1167 624 1244 est,
658 1169 695 1227 et
722 1162 898 1226 moralem
932 1163 1190 1228 auctoritatem

82 1263 308 1333 Romanorum
319 1267 546 1350 Pontificum,
562 1287 758 1352 eorumque
772 1270 900 1350 ingens
915 1270 1186 1351 patrimonium,

82 1389 139 1453 quo
147 1373 286 1454 jamdiu
303 1373 536 1457 potiebantur
550 1377 611 1458 (l),
639 1376 684 1440 ad
709 1377 881 1458 populum
915 1376 1133 1440 salvandum
1166 1394 1189 1440 a

81 1478 182 1563 bellis,
200 1481 311 1562 fame,
327 1481 549 1563 pestilentia,
568 1483 782 1565 magnisque
811 1482 1095 1563 calamitatibus,
1113 1483 1189 1564 qui·

81 1583 134 1649 bus
151 1587 385 1668 premebatur
418 1605 567 1669 prorsus
600 1587 796 1653 derelictus
825 1589 871 1652 ab
900 1588 1189 1670 imperatoribus

80 1690 276 1776 Bizantinis,
301 1694 469 1776 indigens
502 1694 659 1777 quodam
690 1696 866 1777 regimine
895 1713 940 1760 ao
971 1694 1185 1777 directione,

83 1815 176 1880 quam
207 1805 309 1866 recte
336 1801 556 1866 dictaturam
588 1802 649 1866 vel
677 1803 805 1866 melius
834 1819 960 1866 curam
995 1807 1189 1884 paternam

82 1921 277 1990 nuncupare
310 1923 511 1988 possemus;
538 1902 565 1991 b)
586 1909 858 1992 postulationem
890 1929 1105 1992 capreosam,
1124 1927 1190 1974 seu

82 2013 280 2096 suffragium
294 2031 340 2078 ac
356 2021 482 2080 votum
497 2015 635 2096 populi,
650 2014 812 2098 illudque
837 2015 1086 2096 tranquillum,
1106 2033 1189 2079 con·

83 2119 256 2202 tinuatum,
274 2128 515 2204 spontaneum
531 2138 576 2185 sc
602 2121 840 2186 deliberatum
859 2121 1136 2203 generationum
1153 2129 1192 2185 et

83 2228 342 2304 generationum
367 2243 433 2308 per
455 2228 679 2292 continentia
710 2229 872 2309 saecula,
891 2231 915 2307 ⁰)
937 2217 1192 2312 possessionem

83 2329 282 2416 dictamum,
301 2334 442 2398 scilicet
453 2333 539 2399 XIV
569 2335 811 2415 saeculorum,
844 2335 989 2418 qualern
1021 2334 1123 2398 nulla
1152 2333 1191 2397 in

83 2435 212 2522 Europa
227 2440 507 2524 Imperatorum,
526 2440 662 2522 Regum
687 2447 749 2505 aut
776 2440 985 2522 Principum
1019 2439 1191 2521 dynastia

83 2561 223 2627 uuquam
240 2547 368 2612 habuit
385 2554 448 2637 aut
467 2547 591 2629 habet3
609 2547 679 2612 hac
695 2549 838 2612 ratione
871 2548 1091 2629 perillustris
1124 2545 1189 2611 Co·

81 2664 144 2714 mes
184 2651 382 2732 Maistrius,
416 2651 518 2733 cujus
554 2653 799 2717 testimonium
836 2671 952 2734 nuper
992 2653 1191 2734 attulimus,

82 2771 149 2820 eam
164 2774 380 2842 comparans
397 2775 479 2822 cum
497 2757 623 2824 divina
636 2760 730 2842 lege,
746 2778 819 2824 non
838 2760 1038 2824 haesitavit
1070 2761 1189 2825 eidem

82 2863 253 2944 applicare
292 2864 408 2929 verba
438 2864 573 2930 Psalmi
604 2865 708 2930 XVII
720 2867 953 2952 -Jastificsta
986 2869 1024 2932 ia
1057 2869 1190 2932 semeti-

80 2987 185 3050 pso—3
200 2968 227 3050 d)
244 2971 480 3037 restitutiones
493 2989 538 3035 ac
554 2973 756 3038 donationes
783 2972 921 3054 Regum
946 2972 1188 3061 Francorum,

83 3071 227 3156 depulsis
242 3075 495 3159 Longobardis
512 3081 623 3160 atque
655 3078 791 3142 abolito
825 3077 1050 3143 Graecorum
1086 3095 1192 3142 exar-

83 3179 187 3266 chatu,
206 3183 387 3266 nimirum,
402 3183 533 3266 Pipini,
551 3182 674 3249 Caroli
686 3184 821 3267 Magni,
840 3202 1037 3268 eorumque
1050 3200 1192 3248 succes-

84 3303 188 3356 sorum
216 3309 343 3375 opera,
369 3309 513 3356 necnon
543 3297 784 3372 caeterorum,
811 3293 872 3376 qui
907 3293 1080 3374 deinceps
1120 3291 1193 3355 hoc

85 3399 272 3480 exemplum
285 3398 469 3480 largitatis
483 3405 519 3462 et
535 3398 803 3463 munificentiae
819 3416 908 3480 erga
936 3397 1190 3480 Apostolicam

84 3495 195 3568 Sedem
211 3503 314 3587 sequi
327 3504 484 3568 libenter
501 3503 728 3569 studuerunt.

160 3608 307 3676 Praeter
336 3611 536 3674 recensitos
561 3611 699 3690 titulos,
729 3627 881 3692 quorum
909 3609 1043 3692 singuli
1072 3609 1117 3674 de
1149 3627 1190 3674 se

85 3715 277 3792 perabunde
289 3715 501 3796 sufficerent
513 3716 559 3779 ad
572 3715 768 3798 juridicam
781 3714 1074 3780 constituendam
1086 3715 1192 3781 Prin·

146 4062 179 4124 tl)
213 4063 258 4116 Ex
271 4062 465 4116 monumentis
475 4061 602 4116 indubiis
623 4077 640 4115 a
653 4061 792 4129 Caietano
805 4059 897 4114 Oenni
920 4060 1047 4114 collectis
1076 4065 1191 4114 constat

86 4124 132 4178 sub
143 4129 221 4186 linem
233 4133 340 4188 saeculi
354 4133 397 4186 vt
414 4134 441 4186 8.
456 4135 623 4198 Gregorium
638 4132 773 4198 Magnum
784 4132 948 4199 possedisse
961 4131 1063 4200 viginti
1076 4133 1131 4184 tria
1148 4147 1195 4199 pa·

86 4196 203 4255 trimonia
214 4204 243 4257 in
255 4205 347 4272 Italia,
360 4204 388 4257 in
402 4203 508 4257 Insulis
522 4203 733 4272 Mediterranei,
746 4203 777 4255 in
798 4203 920 4272 Illyrico,
935 4203 965 4255 in
991 4199 1150 4272 Dalmatia,
1164 4205 1195 4254 in

87 4265 225 4328 Germania
237 4283 323 4344 atque
332 4277 363 4329 in
376 4273 487 4332 Galliis.
