3096 4986
585 344 743 402 ..27-

110 501 160 565 ca,
174 501 268 566 quae
281 483 419 549 Matriti
434 491 529 550 sunt:
549 485 594 550 de
612 487 768 552 caeteris
801 505 890 552 vero
920 485 1051 552 Curiae
1072 490 1224 554 'territo-

110 589 225 669 riales3
244 599 419 670 attamen,
436 593 543 672 juxta
560 593 700 674 regium
718 593 905 658 decretum
920 593 978 658 die
1003 593 1046 656 23
1069 595 1224 676 Augusti

110 698 187 760 anni
202 696 287 760 1861
308 697 458 779 editum,
474 697 626 762 Pisoalis
651 700 883 764 territorialis
916 697 1047 764 (iuriae
1081 708 1226 767 tenetur

109 819 150 866 ox
165 801 284 866 officio
301 804 590 870 ecclesiasticam
619 805 908 886 jurisdictionem
943 807 1049 888 tueri,
1085 808 1116 872 si
1145 808 1227 890 ipsa

110 906 292 972 indefensa
304 909 351 972 sit
368 915 405 972 et
418 910 553 974 tuenda
572 909 742 975 videatur
763 913 824 991 (1).

189 1015 245 1080 14.
293 1013 397 1082 Nunc
413 1034 516 1098 vero,
546 1017 709 1082 breviter
738 1035 962 1099 exponemus
989 1017 1086 1101 quid,
1119 1019 1227 1099 juxta

109 1127 221 1187 rectas
238 1121 387 1188 critices
400 1124 560 1205 regulas,
579 1123 738 1188 dehisce
767 1125 975 1188 recursibus
1005 1124 1225 1188 censendum

110 1224 162 1290 sit.

190 1329 295 1412 Quod
311 1334 443 1398 attinet
459 1333 506 1398 ad
523 1351 709 1399 recursum
730 1335 969 1420 protectionis,
996 1335 1142 1416 quidam
1167 1353 1226 1400 oa·

111 1437 269 1503 nonistae
282 1441 443 1522 optimae
460 1446 570 1506 notae
588 1452 780 1506 autumant
796 1441 891 1506 hunc
908 1441 1129 1523 procedendi
1155 1460 1226 1506 mo-

112 1541 184 1608 dum
197 1545 396 1628 aliquando
413 1546 552 1612 licitum
569 1548 743 1613 devenire
763 1565 869 1629 posse
885 1547 1141 1628 (2),dummodo
1154 1565 1226 1612 non

112 1650 318 1716 excludatur
335 1654 546 1718 necessaria
562 1663 671 1737 atque
696 1655 861 1736 legitima
896 1654 1139 1718 ecclesiastici
1169 1671 1226 1718 su-

112 1757 503 1840 periorisinterventio;
530 1762 666 1824 etenim
695 1759 882 1842 Princeps,
916 1761 1030 1841 ajunt,
1062 1760 1226 1826 ordinem

112 1861 284 1941 pubiicum
301 1882 454 1930 servare
483 1873 639 1948 tenetur,
655 1872 692 1930 et
723 1867 948 1930 subditorum
983 1867 1110 1946 vitam,
1131 1866 1228 1929 bona

113 1965 321 2049 libertatem,
340 1970 574 2054 legitimaque
588 1971 674 2052 jura
690 1973 796 2049 tueri;
817 1971 923 2052 unde,
941 1971 972 2038 si
1001 1989 1072 2054 qna
1103 1983 1224 2035 aucto·

114 2071 191 2137 ritas
203 2076 469 2158 ecclesiastica,
484 2077 748 2158 jurisdictionis
766 2077 961 2157 cujuslibet
979 2078 1039 2156 sit,
1068 2077 1227 2158 aliquem

113 2179 181 2245 sive
192 2183 378 2264 clericum,
397 2185 478 2249 sive
494 2185 641 2264 laicum,
658 2185 695 2248 in
714 2187 768 2248 his
787 2186 966 2248 violenter
984 2201 1121 2248 vexare
1140 2201 1222 2248 oon·

114 2288 240 2369 tendat,
261 2289 435 2372 Princeps
458 2290 664 2372 hujusmodi
684 2292 896 2356 violentiam
924 2291 1100 2372 impedire
1131 2289 1226 2370 cogi-

115 2397 176 2474 tur;
193 2414 276 2460 nam
294 2397 428 2478 injuste
447 2415 655 2480 oppressus,
676 2397 744 2462 etsi
775 2397 995 2461 christianus
1029 2397 1088 2460 vel
1117 2399 1226 2459 etiarn

114 2499 258 2567 clericus
275 2504 398 2587 inerit,
413 2505 566 2588 eoquod
589 2507 637 2569 sit
652 2505 873 2570 christianus
890 2511 955 2568 aut
971 2505 1139 2584 clericus,
1154 2521 1227 2568 non

115 2647 264 2662 Q..

174 2751 211 2813 (l)
249 2749 335 2803 itase
347 2749 436 2804 habet
452 2751 598 2805 laudatum
613 2751 767 2805 decretum:
783 2750 874 2804 «Para
883 2751 974 2805 evitas
986 2767 1042 2818 qne
1058 2753 1085 2804 ia
1101 2751 1229 2817 iurisdic-

118 2816 358 2875 dduoeiesidstica
375 2824 470 2889 qnede
484 2825 530 2876 sin
544 2825 570 2875 la
584 2823 688 2876 debida
711 2825 940 2890 representacidn
966 2825 1068 2886 oficial,
1092 2839 1110 2888 y
1133 2825 1187 2882 sin¹
1201 2823 1229 2872 la

117 2895 293 2945 mnueniento
304 2893 425 2946 ‹iefensa
438 2909 473 2948 en
488 2897 530 2947 los
547 2910 676 2947 recursus
688 2894 724 2945 de
737 2895 860 2946 ineisa...
873 2910 928 2960 que
939 2897 981 2946 los
1000 2895 1111 2947 fiscales
1135 2894 1171 2944 de
1186 2894 1229 2944 ias

118 2959 278 3017 turronem
290 2979 359 3017 seen
374 2969 457 3032 parte
468 2964 684 3032 indispensabie
696 2981 731 3016 en
746 2966 829 3016 todos
839 2967 882 3017 los
894 2967 998 3033 juicios
1010 2966 1046 3018 de
1064 2971 1127 3018 esta
1151 2965 1228 3015 close

117 3044 290 3101 ysatengan
302 3040 328 3088 ia
342 3036 464 3089 defensa
477 3037 513 3089 de
527 3040 553 3090 ia
565 3037 750 3104 jurisdiccidn
763 3037 939 3089 «cleeriistica
951 3038 1063 3088 cusndo
1077 3050 1159 3087 crean
1173 3049 1229 3098 qne

117 3101 314 3159 iostribnnales
327 3107 434 3160 deeste
449 3108 531 3160 fuero
545 3124 582 3160 no
592 3123 624 3160 se
634 3107 691 3158 han
704 3107 918 3160 extralimitado
931 3107 968 3160 de
977 3110 1020 3160 las
1037 3107 1230 3159 atribuciones

117 3185 398 3244 qualescornpeten.»

176 3252 212 3310 tir
251 3253 325 3300 inter
337 3251 412 3302 alios
425 3247 610 3302 doctissimus
627 3246 711 3301 Card.
724 3249 819 3313 Soulia
840 3249 876 3300 ad
898 3251 1096 3314 argumentum
1119 3247 1230 3311 Regali·

116 3317 209 3372 starum
225 3321 469 3386 respondensqui
498 3319 677 3387 Principibus
700 3321 748 3387 ius
771 3320 902 3374 tribuunt
926 3319 1080 3385 recipiendi
1108 3319 1229 3384 appella·

118 3384 199 3440 tiones
210 3396 357 3457 tamquam
368 3389 404 3443 ab
416 3390 511 3454 αὸιιειι,
523 3399 554 3444 ut
566 3392 697 3444 subditos
716 3407 785 3444 suos
797 3407 814 3443 a
829 3393 854 3444 vi
868 3395 898 3442 et
923 3392 1109 3456 oppressione
1132 3389 1228 3441 deien-

118 3454 176 3510 dere
187 3463 306 3526 possim,
319 3462 416 3515 itaait:
434 3464 497 3529 «qui
524 3463 581 3514 rim
596 3477 697 3530 passus
719 3471 773 3526 est,
800 3463 938 3528 petorita
958 3464 1101 3514 sententia
1125 3459 1230 3527 judicis

119 3525 248 3584 inferioris
257 3533 294 3585 ad
307 3533 484 3599 superiorem
498 3533 623 3600 judicem
636 3533 859 3586 ecclesiasticum
885 3532 1055 3598 appellare»;
1074 3536 1171 3584 stetim
1185 3547 1231 3584 ve·

118 3610 145 3650 ¹⁰
154 3603 310 3670 sutrjungit:
329 3603 401 3656 «sed
413 3606 505 3671 ajunt,
518 3605 542 3656 si
556 3605 645 3671 index
658 3619 788 3670 superior
801 3609 849 3655 ant
861 3604 941 3665 nolit,
955 3613 1004 3654 aut
1017 3619 1061 3669 qn·
1074 3603 1093 3656 d
1116 3603 1229 3655 facilins

22 3723 23 3726 ,
118 3675 219 3730 evenire
232 3679 338 3742 potest
350 3675 484 3742 injuriam
498 3674 669 3728 abinieriori
681 3675 891 3742 iudiceiiiatam
903 3676 1091 3740 comprimere
1099 3679 1231 3740 nequeat,

118 3753 201 3797 nonne
213 3745 310 3799 iicebit
324 3746 511 3811 Magistratus
524 3747 769 3814 iaicipreesidium
788 3749 937 3812 quaerere?
956 3745 990 3797 Id
1011 3746 1126 3812 quidem
1146 3758 1230 3795 necea

118 3811 198 3866 ariae
208 3815 449 3884 desmaioaisjurc
462 3817 611 3885 aliquando
623 3815 721 3878 liubin
729 3832 783 3882 qua
794 3817 830 3868 de
842 3833 873 3868 re
881 3816 1018 3882 legendae
1028 3828 1094 3868 suut
1106 3813 1231 3866 animad-

120 3887 252 3940 versiones
265 3888 397 3956 ejusdem
412 3887 570 3956 Ronoagiia
582 3891 612 3942 in
626 3903 688 3955 cap.
702 3896 717 3939 t
731 3887 871 3955 synopsis
894 3888 970 3941 nist
993 3887 1068 3940 Eccl.
1089 3885 1132 3940 1v
1156 3899 1230 3937 eaeo.

119 3949 215 4010 Natalis
229 3959 383 4012 Alexandri
402 3959 428 4026 ξ.
439 3963 482 4013 8».

180 4025 258 4090 Quod
268 4035 366 4082 autem
377 4029 414 4082 de
425 4030 569 4083 sententia
580 4026 709 4094 judiciali
722 4028 834 4094 dicitur,
847 4031 908 4096 pari
918 4029 1027 4080 ratione
1037 4029 1127 4080 asseri
1136 4029 1232 4094 potest

22 4093 23 4104 ¹
120 4091 151 4146 de
158 4095 266 4153 decreto
278 4107 332 4152 aut
344 4100 533 4168 dispositione
546 4101 872 4166 gubernativapdeoque
884 4100 914 4150 in
927 4105 1047 4164 utroque
1059 4114 1128 4151 casu
1147 4101 1230 4150 inter·

22 4171 23 4176 '
118 4169 176 4229 puni
187 4177 260 4224 vaiet
268 4187 401 4225 recursus
413 4171 606 4238 protectionis,
626 4171 689 4224 sive
702 4185 752 4236 pro
765 4169 949 4237 impedienda
961 4173 1146 4222 exsecutione
1168 4182 1230 4220 sen·

23 4289 24 4318 p
120 4237 215 4295 anuas
223 4243 359 4312 injustae,
371 4242 433 4296 sive
445 4257 497 4310 pro
507 4241 623 4296 vitands
636 4241 735 4308 iniqua
745 4242 906 4294 vexatione.
