3096 4986
583 379 738 438 -19-

189 521 424 588 validitatem
438 528 548 604 atque
565 523 764 587 liceitatem
789 523 980 604 potestatis
994 522 1016 588 J
1020 523 1224 589 urisdietio·

112 628 299 708 nisaperte
317 629 427 693 etiam
445 629 650 692 declaravit
682 629 751 693 hoe
781 629 969 692 notissimo
999 647 1152 694 canone:
1183 629 1223 696 st

111 737 180 818 qais
191 735 329 817 dicarit,
343 734 547 820 Episcopum,
565 737 624 820 qui
641 736 847 801 auctoritate
860 736 1010 801 Romani
1044 737 1222 823 Pontificio

112 849 334 922 assumuntur,
347 863 417 907 noa
433 863 504 904 aare
523 854 739 924 LnGmlMOS,
755 850 786 906 et
799 854 920 905 Vnnos
945 841 1148 926 Episcopus,
1163 843 1224 908 aad

111 949 295 1030 fipmentum
311 948 512 1026 hermanum,
525 947 710 1013 anathema
725 949 773 1012 ait
789 947 850 1030 (1).
869 945 925 1012 Ex
938 947 1007 1011 hac
1020 948 1223 1012 Tridentini

114 1052 310 1117 definitione
328 1054 438 1135 plane
466 1053 622 1117 infertur
640 1053 840 1135 Episcopos
875 1059 912 1117 et
931 1053 1224 1134 jurisdictionem

22 1147 23 1170 *
114 1159 264 1223 obtinere
302 1159 382 1223 sola
417 1159 569 1222 Romani
599 1159 783 1222 Pontificis
822 1162 1081 1241 assumptione,
1113 1168 1224 1243 atque

22 1273 23 1284 ³
112 1266 210 1328 etiarn
227 1283 328 1330 auam
347 1273 566 1348 potestatem
583 1266 681 1330 licite
699 1283 873 1330 exercere
891 1266 1028 1347 absque
1062 1268 1135 1330 ulla
1162 1287 1222 1332 no-

22 1381 23 1440 }
114 1371 310 1454 minatione,
329 1391 508 1436 consensu
527 1373 587 1435 vel
619 1373 858 1453 permissione
875 1372 994 1436 laicae
1028 1375 1223 1436 alletorita-

115 1478 164 1559 tis,
181 1481 314 1562 quippe
328 1479 502 1561 explicite
523 1486 699 1542 vocantur
716 1479 753 1542 in
768 1497 908 1542 canone
924 1482 997 1543 oeri
1013 1485 1049 1543 et
1065 1481 1221 1564 lepitlmi.

22 1581 24 1608 ³
193 1583 319 1664 Quoad
344 1585 541 1649 secundam
567 1585 826 1667 propositionis
855 1593 1007 1666 partem,
1041 1585 1222 1668 nimirum,

22 1721 23 1724 ¹
114 1689 288 1773 Principes
311 1691 580 1774 supremosque
605 1691 853 1756 lloderatores
887 1692 1006 1755 civilis
1035 1694 1224 1757 societatis

115 1797 202 1861 nullo
214 1800 296 1879 jure
313 1799 467 1881 pollere,
487 1817 604 1880 neque
618 1816 684 1879 per
706 1815 755 1878 se,
775 1817 841 1862 nec
866 1799 991 1880 populi
1016 1801 1161 1864 nomine
1179 1800 1225 1863 ad

22 1901 24 1974 ζ
114 1903 341 1968 instituendos
357 1905 420 1969 vel
434 1905 722 1986 praesentandos
747 1905 944 1986 Religionis
959 1905 1141 1969 Ministros
1165 1924 1225 1970 res

22 2077 24 2104 ,
115 2011 246 2074 omniuo
264 2015 452 2091 comperte
466 2011 563 2092 apud
576 2010 776 2074 catholicos
793 2015 859 2090 est,
876 2015 913 2074 et
930 2012 1147 2093 principium
1164 2031 1224 2094 pe·

22 2115 24 2188 ῗ
116 2133 170 2180 nes
180 2117 330 2197 juristae
348 2135 498 2199 prorsus
512 2118 747 2181 ineluctabile
764 2117 932 2180 hebetur.

22 2221 23 2232 ’
192 2223 387 2287 Enimvero
405 2225 526 2305 agitur
544 2224 587 2287 de
605 2225 806 2287 assertione
825 2223 1029 2288 certissima
1046 2229 1083 2287 et
1096 2223 1226 2287 funda·

116 2331 252 2394 mentali
269 2331 439 2410 veritate,
459 2329 666 2393 immediate
684 2347 728 2400 ac
745 2331 937 2410 perspicue
957 2347 1002 2392 ex
1016 2331 1225 2410 naturaEc·

115 2435 251 2517 clasiae,
270 2436 419 2500 laudato
433 2454 574 2500 canone
591 2441 627 2499 et
645 2437 820 2518 explicita
836 2436 1039 2500 Tridentini
1058 2435 1227 2500 doctrina

116 2541 271 2606 deducta.
290 2541 346 2606 Ex
363 2551 491 2608 actura
509 2542 710 2622 Ecclesiae,
727 2543 824 2624 quia,
845 2542 989 2605 comsit
1022 2542 1147 2606 divina
1175 2544 1226 2607 in·

115 2647 290 2712 stitutione
306 2649 464 2713 societas
483 2667 570 2712 vere
595 2649 812 2730 inaequalis,
833 2666 1004 2730 suprema
1036 2655 1146 2730 atque
1175 2649 1226 2712 in·

112 2752 327 2837 dependens,
343 2755 619 2819 evidentissime
636 2755 751 2836 liquet
770 2755 907 2818 nullum
931 2755 991 2834 jus
1020 2763 1228 2837 competere

22 2885 23 2910 1
117 2856 1225 2944 Principibusconstituendivelnominandisecrosministros;

22 2967 24 2978 ⁵
118 2982 223 3049 neque
236 2967 437 3050 proprium,
457 2968 527 3031 nisi
544 2967 687 3030 dicatur
704 2971 742 3030 et
776 2967 994 3030 defendatur
1025 2967 1227 3031 Eccleslam

116 3071 148 3135 in
161 3091 222 3139 suo
237 3083 390 3139 externo
408 3075 584 3156 regimine
612 3075 787 3156 potestati
805 3075 988 3138 saeculari
1016 3074 1228 3138 subordina-

117 3186 194 3262 tam,
208 3183 315 3246 immo
327 3199 417 3248 vero
430 3182 719 3246 subalternetam
733 3199 825 3262 esse3
842 3199 960 3263 neque
974 3189 1228 3263 repraesenta-

118 3287 222 3352 tivum
235 3293 299 3353 aut
314 3289 440 3371 populi
458 3289 616 3368 nomine,
633 3288 728 3351 enirn
746 3293 832 3352 tunc
848 3287 1037 3352 Ecclesiae
1051 3287 1228 3367 guberna-

116 3393 160 3456 tio
192 3395 349 3458 obnoxia
380 3393 596 3458 redderetur
629 3395 727 3476 plebi
760 3393 982 3458 christianae
1017 3399 1079 3456 aut
1110 3392 1230 3457 coetui

22 3579 23 3582 Ἴ
116 3499 278 3583 fidelium,
298 3501 395 3584 quod
408 3501 597 3565 essentiali
614 3501 864 3564 constitutioni
888 3500 1111 3564 societatisa
1130 3499 1229 3565 Chri·

116 3611 166 3668 sto
197 3607 366 3672 conditae
398 3607 508 3690 plane
536 3607 758 3689 refragatur,
790 3624 834 3670 ac
864 3607 982 3672 veluti
1012 3607 1230 3671 execrabilis

116 3711 270 3780 haeresis
287 3731 551 3795 saepenumero
566 3713 775 3777 damnatum
794 3715 861 3777 est.

199 3818 389 3902 Colligitur
406 3837 550 3904 quoque
582 3838 629 3884 ex
645 3841 774 3886 conone
790 3836 902 3902 supra
934 3818 1064 3898 relato,
1084 3834 1167 3880 nam
1199 3815 1231 3878 si

117 3923 276 3991 Ecclesia
291 3943 357 3991 sua
373 3943 544 4010 suprema
563 3932 673 4009 atque
696 3925 881 3990 infallibili
910 3925 1129 3989 auctoritate
1147 3921 1230 3986 defi·

117 4033 218 4098 nierit
235 4033 377 4100 validas
394 4051 474 4100 esse
503 4033 764 4115 ordinationes,
797 4033 1070 4116 legltimumque
1087 4047 1232 4096 sacrum

117 4187 297 4200 D——n—

183 4283 221 4348 (1)
256 4280 323 4336 End.
338 4282 415 4336 sess.
424 4297 486 4336 ean.
496 4283 578 4338 VIII.
