3226 4994
812 367 972 425 ..32-

330 509 573 592 undequaque
590 511 752 591 vigente,
782 510 958 592 ejusmodi
987 510 1124 592 placita
1156 513 1193 574 et
1220 511 1453 593 quaestiones

331 618 445 681 ferme
470 618 635 682 obsoleta
652 619 736 680 sunt
751 622 788 682 et
803 617 841 680 in
869 616 1033 680 ordinem
1050 633 1149 680 mere
1165 616 1378 682 historicum
1396 616 1452 681 de·

330 729 524 806 venerunt)
543 724 776 804 magistratus
804 723 1014 787 saeculares
1045 740 1266 805 cognoscere
1284 739 1392 806 posse
1416 724 1454 787 in

331 831 578 913 appellatione
596 830 640 894 de
654 829 845 910 legalitate
858 846 991 893 causac
1008 827 1144 910 duplici
1161 829 1278 893 modo:
1296 831 1345 893 1.⁰
1360 828 1453 911 judi·

331 937 449 1002 cando
469 937 512 1000 de
531 936 794 1019 incompetentia
808 935 952 1018 quando
967 935 1082 1016 judex
1099 935 1370 1000 ecclesiasticus
1385 935 1454 1000 sibi

330 1044 492 1106 vindicet
505 1043 564 1124 Jus
580 1041 727 1106 videndi
745 1058 875 1106 causas
893 1058 986 1123 quae
1004 1058 1075 1104 non
1092 1047 1175 1105 sunt
1192 1041 1270 1122 eJus
1287 1041 1369 1122 fori,
1389 1041 1454 1106 scd

330 1148 378 1213 ad
401 1149 598 1212 tribunalia
616 1148 740 1212 civilia
757 1148 954 1230 pertinent;
974 1147 1025 1210 2.⁰
1040 1147 1239 1228 judicando
1265 1147 1309 1211 de
1324 1149 1453 1233 formo,

331 1255 471 1336 quoties
492 1254 605 1334 judex
623 1254 894 1318 ecclesiasticus
919 1255 1167 1318 solemnitates
1180 1254 1273 1334 Juris
1291 1271 1363 1318 non
1380 1271 1453 1318 ser-

330 1362 476 1425 vaverit
490 1362 599 1424 etiarn
616 1361 653 1424 in
667 1379 779 1424 causa
792 1361 1055 1442 ecclesiastica3
1073 1361 1157 1444 quia
1171 1360 1239 1424 hoc
1253 1360 1289 1424 in
1308 1378 1394 1424 casu
1408 1359 1453 1424 de

330 1469 427 1530 facto
457 1473 608 1530 externo
628 1467 759 1547 agitur,
778 1467 894 1530 veluti
921 1467 1134 1547 contingere
1161 1469 1282 1547 potest
1309 1467 1345 1528 in
1371 1465 1453 1546 jure

330 1573 443 1650 civili;
456 1574 531 1650 jum
546 1591 647 1651 vero,
664 1591 743 1635 cum
757 1573 921 1654 quaestio
936 1581 991 1636 est
1004 1573 1048 1636 de
1062 1573 1169 1636 iactis
1183 1573 1344 1636 externis
1358 1589 1453 1654 quae

325 1681 412 1759 jura
436 1681 568 1742 civium
587 1679 728 1742 violare
747 1687 893 1760 queunt,
914 1679 1056 1742 etiamsi
1085 1679 1130 1742 ab
1149 1679 1368 1743 auctoritate
1397 1695 1453 1743 ec-

330 1785 537 1848 clesiastica
555 1785 673 1866 posita
691 1789 754 1848 aut
770 1789 918 1866 patrata
933 1786 1016 1864 sint,
1043 1784 1090 1848 ad
1107 1783 1247 1849 Statum
1265 1785 1453 1868 politicum

330 1891 481 1971 ejusque
506 1891 739 1971 magistratus
764 1893 895 1954 attinet
910 1891 1071 1955 subditos
1089 1895 1296 1973 protegere,
1317 1909 1454 1975 eosque

330 2016 352 2060 a
368 2015 594 2079 quacumque
609 1997 803 2078 tyrannide
817 2004 853 2060 ct
866 1998 1102 2080 oppressione
1115 1997 1315 2062 vindicare.

421 2121 472 2184 17.
523 2121 709 2184 Adversus
724 2126 888 2185 veterem
903 2119 1188 2202 Gallicanorum,
1207 2120 1452 2186 Febroniano·

330 2245 407 2291 rum
424 2246 466 2291 ac
486 2228 753 2308 Regalistarum
768 2228 1007 2308 errorem,qui
1025 2245 1157 2305 magna
1171 2245 1251 2291 cum
1264 2225 1453 2292 Ecclesiae

330 2334 463 2414 injuria
481 2334 575 2415 apud
591 2333 784 2398 nonnullas
799 2334 967 2397 nationes
982 2334 1018 2396 in
1030 2334 1175 2415 publico
1189 2334 1311 2416 legum
1326 2334 1452 2398 codiee

330 2441 448 2503 adhuc
460 2441 638 2504 retinetur
657 2441 717 2522 (1),
733 2444 943 2522 sequentem
963 2440 1153 2504 statuimus
1166 2439 1308 2504 thesim:
1326 2437 1452 2506 Aucto·

327 2548 428 2610 rituti
444 2547 551 2626 cicili,
566 2565 629 2629 per
645 2567 680 2610 se
695 2553 725 2610 et
743 2546 894 2610 absolute
906 2546 1087 2629 loquendo,
1102 2545 1300 2610 nullatenus
1317 2565 1450 2634 compe·

330 2653 372 2716 tt't
383 2655 439 2735 jos
453 2653 645 2735 recipiendi
663 2653 914 2736 appellationes
930 2653 1135 2734 “tamquam
1152 2653 1198 2716 ab
1216 2651 1367 2735 abusu„.

407 2757 621 2839 Priusquam
638 2759 832 2822 veritatem
849 2759 1060 2822 enuntiatae
1077 2757 1335 2840 propositionis
1350 2756 1452 2822 evin·

330 2882 465 2945 carnus,
492 2865 613 2946 operis
638 2865 794 2946 pretium
827 2865 989 2930 ducimus
1022 2868 1198 2931 nonnulla
1214 2871 1450 2949 praenotare,

330 2989 424 3054 quae
442 2989 587 3035 sensum
605 2971 816 3035 assertionis
837 2972 1216 3054 Juridico-catholicae
1234 2977 1335 3037 recte
1362 2972 1451 3037 deti·

329 3079 443 3142 nient.

417 3183 459 3248 In
476 3185 601 3266 primis
615 3185 710 3250 enim
743 3184 1052 3268 praemonendum
1085 3189 1140 3250 est
1168 3184 1310 3266 thesim,
1342 3203 1453 3269 quam

330 3309 396 3373 pro
410 3291 544 3355 tuenda
560 3292 731 3356 libertate
746 3299 782 3356 et
795 3291 1039 3373 competentia
1053 3292 1328 3356 ecclesiasticae
1342 3293 1453 3374 juris·

330 3397 498 3462 dictionis
530 3399 820 3480 somniavimus,
841 3397 1125 3462 tantumreferri
1157 3398 1204 3462 ad
1232 3399 1451 3481 appellatio-

329 3520 406 3584 nes,
425 3521 518 3585 quac
535 3506 749 3589 impropriae
767 3509 804 3568 et
819 3505 861 3568 ab
879 3505 988 3568 abusa
1005 3503 1185 3586 dicuntur,
1199 3505 1347 3568 minime
1361 3523 1450 3570 vero

328 3610 523 3691 complecti
537 3611 804 3692 appellationes
820 3610 858 3674 in
875 3609 1089 3692 acceptione
1099 3611 1253 3696 propria
1270 3615 1450 3694 sumptas,

328 3790 473 3800 ..αι-..-

404 3968 443 4034 (1)
480 3968 525 4021 Ad
539 3969 711 4036 Hispaniam
723 3970 799 4038 quod
813 3969 924 4036 attinet,
937 3971 1030 4024 adhuc
1043 3970 1198 4038 perdurant
1216 3975 1246 4025 et
1261 3971 1359 4040 rigent
1377 3975 1441 4040 ejus

326 4038 406 4092 modi
421 4039 515 4092 odiosi
527 4055 688 4107 processus,
701 4044 750 4109 qut
762 4042 904 4095 hostiliter
913 4047 942 4096 at
958 4043 1091 4096 indecore
1099 4042 1322 4097 denominantur
1328 4057 1451 4098 recursus

326 4108 359 4163 de
365 4108 478 4179 sumna,
489 4122 521 4164 ut
531 4111 628 4166 videre
637 4117 683 4166 est
694 4113 724 4166 in
736 4112 812 4179 Lege
824 4114 956 4182 organica
964 4112 1160 4168 Tribnnelinm
1171 4115 1218 4169 die
1229 4115 1262 4168 lb
1272 4114 1450 4182 Septembris

326 4183 396 4234 enni
412 4181 481 4236 1870
493 4183 577 4246 edite,
591 4199 703 4237 necnon
717 4183 747 4236 in
766 4199 843 4238 nova
869 4185 944 4250 Lege
965 4183 1125 4238 Processali
1150 4187 1220 4254 (Ley
1245 4186 1282 4240 de
1307 4185 1448 4254 EnJ'nicis-

326 4254 436 4307 miento
448 4254 526 4324 civil)
539 4255 586 4308 dis
598 4257 615 4307 8
628 4253 777 4308 Februarii
788 4256 857 4308 enni
869 4257 935 4309 lest
955 4257 1095 4322 commta
