3062 4994
531 365 763 472 -17⁷-'

84 562 168 638 parte
182 558 320 623 fructus
333 557 500 643 laborum
513 575 672 640 suorum,
692 561 729 622 et
739 575 813 623 non
828 557 1008 640 gratuitas
1021 558 1182 625 donatio·

84 679 133 726 nes
146 663 372 730 morientium
388 665 448 729 vel
464 665 754 730 benefactorum.
830 697 834 707 ·

151 769 252 836 Ratio
265 788 410 854 quoque
418 771 556 854 liquido
569 770 708 834 evincit
720 787 877 853 corpora
890 770 1055 850 moralia,
1070 772 1183 836 maxi·

83 889 217 940 nevero
236 873 393 942 Ordines
411 877 613 959 Religiosos
630 877 862 960 potiusquam
879 877 1058 959 privatos,
1074 895 1183 960 agros

82 981 187 1046 melius
200 982 375 1048 excolere
391 999 435 1050 ac
461 983 614 1065 praedia
630 983 769 1048 ruralia
798 1000 880 1047 cum
910 982 1050 1065 ingenti
1082 983 1183 1049 indu-

82 1087 172 1152 striae
187 1089 350 1154 fomento
366 1090 559 1155 fructifera
572 1096 609 1155 et
625 1090 810 1155 efficacius
828 1089 1045 1172 productiva
1058 1092 1184 1158 redde·

82 1209 121 1257 re:
137 1193 162 1279 ⁵)
177 1197 264 1279 quia
279 1198 317 1261 in
335 1197 463 1262 ordine
480 1199 625 1280 artium,
640 1197 841 1262 industriae
855 1203 964 1281 atque
978 1197 1183 1280 productio·

82 1299 135 1380 nis,
154 1302 248 1367 sicut
264 1303 303 1368 in
320 1304 448 1369 ordine
463 1305 604 1386 sociali,
619 1303 768 1386 politico
801 1308 837 1368 et
866 1306 1099 1370 oeconomico
1127 1306 1184 1370 vis

82 1409 305 1475 unz'tafortior
337 1409 542 1503 putatur3i)
569 1411 766 1493 religiosae
796 1393 971 1492 familiae,
990 1429 1062 1476 non
1095 1411 1184 1476 indi·

82 1521 188 1594 gentes
206 1517 457 1600 utplurimum
474 1517 695 1600 quotidianis
717 1518 950 1600 praediorum
966 1518 1185 1584 rusticorum

82 1617 238 1687 fructibus
267 1629 420 1706 propter
435 1625 552 1706 ipsam
576 1623 876 1688 numerositatem
901 1625 1183 1707 possessionum,

81 1742 137 1790 una
152 1745 233 1793 cum
251 1731 350 1812 agris
364 1731 441 1812 jam
459 1731 614 1796 excultis
631 1730 824 1795 nonnullos
841 1731 968 1813 saltus,
987 1731 1114 1814 silvas,
1133 1732 1185 1797 lu-

81 1848 140 1910 cos,
156 1835 279 1900 aliave
296 1836 379 1901 loca
396 1837 535 1902 inculta
551 1837 688 1902 habere
700 1841 864 1920 possunt,
883 1837 921 1901 in
948 1837 1077 1919 quibus
1112 1855 1186 1902 ma·

81 1941 129 2018 gn·
142 1941 287 2007 labores
304 1943 394 2008 fiant
411 1948 449 2008 et
479 1961 600 2008 novae
616 1943 817 2008 industriae
845 1949 1088 2009 exerceantur
1119 1963 1185 2026 pro

81 2047 288 2127 ugncuuura
300 2050 473 2132 fovenda,
493 2050 911 2132 copiosisquesslruotibus
928 2049 1185 2132 percipiendis;

82 2151 147 2218 dum
162 2156 303 2238 privati
336 2157 455 2222 coloni
473 2162 509 2222 et
527 2157 769 2240 agricultores
786 2175 859 2222 non
890 2157 1003 2221 multa
1034 2157 1188 2238 praedia
1271 2219 1273 2222 .

82 2263 306 2343 possidentes,
324 2264 444 2328 solent
456 2281 502 2328 ex
520 2264 572 2328 eis
586 2263 806 2346 quotidianis
820 2267 857 2326 et
872 2263 1052 2328 continuis
1067 2263 1187 2344 operis

82 2369 188 2433 statim
200 2369 358 2434 educere
372 2369 558 2434 meliorem
571 2371 729 2434 fructum
742 2369 801 2434 hic
814 2373 850 2433 et
862 2385 958 2434 nunc
967 2369 1186 2452 possibilem,

82 2475 150 2552 quin
166 2493 261 2540 arva
276 2475 423 2540 inarata
438 2481 475 2541 et
488 2477 611 2558 quieta
624 2475 762 2558 aliquid
778 2476 951 2558 temporis
964 2475 1186 2558 relinquant;

91 2579 110 2660 ²)
122 2581 256 2662 privati
272 2581 460 2664 agricolae
477 2582 584 2648 morti
607 2581 861 2664 subjiciuntur,
880 2581 975 2646 unde
1000 2582 1187 2665 quamplu-

81 2685 179 2752 rimae
208 2687 482 2754 vicissitudines
513 2694 550 2753 et
579 2688 813 2753 necessariae
844 2689 1075 2770 mutationes,
1094 2707 1189 2772 quae

82 2795 200 2870 passim
216 2793 369 2860 allicere
386 2795 548 2860 assolent
563 2795 644 2860 sive
677 2797 811 2858 statum
842 2793 1076 2876 familiarum,
1110 2795 1190 2860 sive

83 2899 246 2966 culturam
264 2909 450 2984 agrorum
469 2901 534 2966 sed
551 2905 713 2966 econtra
724 2917 881 2983 corpora
894 2901 1048 2965 moralia
1060 2918 1189 2984 perpe·

82 3009 195 3075 tuitate
211 3009 385 3094 gaudent,
404 3027 498 3092 quae
515 3008 682 3093 eqnldem
698 3009 915 3074 facilitatem
943 3027 988 3074 ac
1016 3009 1189 3074 securita-

82 3119 140 3179 tem
156 3117 311 3199 praebet
327 3133 441 3200 opera
456 3117 624 3200 longiora
637 3115 845 3181 assumendi
858 3115 905 3180 ad
919 3116 1094 3197 majorem
1107 3133 1188 3198 pro·

83 3219 273 3290 ductionem
290 3223 722 3306 obtinendam,siquidem
736 3222 983 3306 corporationi
994 3222 1191 3304 religiosae

82 3325 164 3394 inest
175 3319 355 3396 certitudo
373 3329 617 3413 prosequendi
634 3327 779 3394 labores
792 3329 993 3410 incoeptos,
1009 3343 1091 3392 cum
1117 3327 1190 3391 cla·

82 3435 210 3503 rissime
226 3437 322 3502 sciat
338 3453 456 3520 neque
470 3437 698 3503 voluntatem
711 3452 830 3518 neque
847 3433 1090 3499 conditionem
1117 3431 1191 3497 Mo·

81 3545 218 3610 nasterii
231 3561 278 3611 ex
296 3545 476 3611 ordinarie
493 3543 787 3626 contingentibus
805 3545 983 3606 mutatum
998 3539 1056 3622 iri,
1076 3539 1193 3606 donec

82 3649 322 3731 compleantur
339 3666 453 3732 opera
470 3665 536 3732 pro
555 3648 698 3713 cultura
714 3647 784 3712 soli
796 3647 874 3728 jam
890 3661 1079 3728 aggressa.

161 3755 232 3823 104„
280 3755 485 3822 Levisslma
501 3755 612 3819 etiarn
628 3753 909 3818 ratiocinatione
926 3751 1128 3817 ostenditur
1140 3751 1192 3815 in·

83 3858 237 3928 delinitas
253 3862 444 3929 Ecclesiae
457 3860 717 3944 acquisitiones
746 3859 969 3944 (speculativo
997 3857 1191 3940 loquimur,

82 3983 157 4034 narn
167 3972 324 4055 practice
337 3967 505 4034 Ecclesia
518 3965 753 4050 aequiparari
764 3969 885 4048 potest
898 3965 1069 4031 Dominae
1082 3980 1193 4046 quon·

83 4070 156 4140 dam
172 4075 357 4159 locupleti,
375 4073 569 4140 hodiedum
585 4091 675 4138 vero
708 4091 731 4137 a
747 4071 904 4155 propriis
922 4069 1075 4136 subditis
1092 4086 1193 4152 pror·

83 4195 136 4245 sus
152 4183 371 4266 expoliatus,
389 4185 499 4265 atque
515 4181 627 4247 Matri
644 4179 731 4246 olim
747 4177 885 4243 divitiis
903 4177 1080 4259 affluenti,
1098 4192 1195 4241 nunc

82 4291 196 4354 antem
212 4306 277 4372 per
289 4289 369 4371 eJus
385 4289 550 4372 ingratos
566 4288 660 4352 illios
691 4286 729 4352 in
756 4286 997 4352 miserrimam
1021 4283 1194 4350 conditio·

1109 4389 1142 4442 12
