3096 4986
296 485 475 568 ajudiciis
493 501 590 550 mere
623 485 883 566 spiritualibus,
916 489 1026 566 atque
1057 481 1288 565 improbandi
1318 481 1429 562 Ipsos

295 592 481 656 Ecclesiae
510 591 710 654 sententias
734 589 906 654 bonorem
932 589 1156 669 auferentes,
1183 587 1299 652 veluti
1324 603 1429 668 quae

295 697 703 762 excommunicationem
717 703 754 760 et
767 697 858 760 alias
872 713 1009 776 poenas
1021 694 1203 776 infiIgunt;
1214 711 1299 756 nam
1313 709 1429 774 prae-

295 805 394 868 iatae
406 806 610 866 sententiae
628 803 750 884 utIque
764 801 901 866 honore
914 802 1064 884 privant
1076 800 1114 863 in
1130 799 1258 862 ordine
1270 797 1425 880 religIo-

294 926 334 972 so
351 915 387 974 et
399 909 505 990 juxta
522 908 703 990 principia
725 907 919 988 catholica,
940 925 1011 970 nou
1028 910 1149 969 autern
1168 905 1205 968 in
1224 903 1354 968 ordine
1373 903 1429 967 ci·

294 1015 359 1080 vili
376 1025 412 1078 et
428 1015 529 1097 juxta
543 1013 723 1094 principia
741 1012 924 1093 moderna,
945 1029 1040 1094 quae
1057 1011 1190 1092 ubique
1205 1009 1356 1072 tradunt
1375 1026 1426 1072 ac

295 1121 525 1186 conclamant
542 1135 719 1200 quemque
736 1118 889 1182 liberum
908 1135 988 1180 esee
1005 1115 1182 1198 sequendi
1200 1115 1425 1195 religionem

296 1244 388 1309 quae
402 1225 517 1306 magis
531 1225 564 1287 ei
581 1223 737 1300 libuerit,
754 1223 837 1306 quin
854 1223 989 1286 idcirco
1004 1227 1190 1302 tamquam
1203 1220 1428 1283 indecorum

295 1337 332 1396 et
357 1331 633 1413 ignominiosum
668 1329 846 1392 habeatur
879 1347 901 1390 a
934 1327 1151 1410 praeceptis,
1177 1325 1347 1390 doctrina
1381 1331 1425 1390 et

295 1438 475 1502 catholica
492 1436 744 1500 communione
769 1433 968 1497 discedere.

384 1542 522 1608 Deinde
535 1540 896 1604 eulmadvertendum
911 1545 966 1604 est
984 1541 1021 1604 in
1038 1539 1133 1604 thesi
1164 1543 1372 1602 memorata
1404 1556 1432 1602 a

294 1649 542 1714 saecularibus
552 1646 734 1728 judicibus
748 1645 817 1710 hoc
829 1647 889 1726 J'us
907 1645 1111 1726 abjudicari
1124 1665 1191 1728 per
1204 1665 1240 1709 se
1266 1651 1298 1708 ae
1322 1645 1427 1710 abso·

294 1757 362 1820 luta
375 1753 551 1838 loquendo,
561 1770 633 1815 non
646 1769 733 1815 vero
743 1772 809 1835 per
821 1751 1168 1830 acciderarelative,
1180 1750 1431 1831 siugulariter

295 1865 358 1924 aut
371 1878 434 1941 pro
449 1857 697 1922 determinatis
712 1857 770 1938 adj
777 1857 905 1936 unctis;
922 1858 1055 1919 etenim
1069 1853 1202 1918 dantur
1216 1854 1429 1919 nonnullae

295 1966 541 2046 exceptionem
561 1969 597 2026 et
629 1963 808 2026 communi
825 1962 966 2025 calculo
981 1969 1055 2025 tres
1073 1961 1277 2041 praecipue
1313 1977 1431 2024 casus

294 2077 541 2151 recensentur,
561 2070 597 2132 in
612 2069 738 2151 quibus
753 2069 888 2132 licitum
903 2084 1051 2148 prorsus
1065 2069 1120 2130 est
1134 2065 1180 2128 ad
1196 2071 1428 2146 potestatem

295 2177 439 2242 civilem
458 2192 659 2254 recurrere,
679 2174 855 2255 simulque
873 2172 964 2236 baec
998 2173 1137 2254 absque
1151 2172 1227 2234 ulle
1244 2171 1429 2234 ecclesia-

294 2285 408 2348 eticae
421 2281 683 2365 jnrisdictIonls
702 2279 948 2360 usurpatione,
970 2295 1089 2360 neque
1105 2279 1142 2341 in
1161 2295 1220 2341 res
1248 2278 1429 2358 spiritua-

293 2392 347 2455 les
379 2389 581 2469 invasione,
605 2404 790 2450 recursum
814 2386 1068 2466 interpositum
1082 2389 1281 2465 acceptare
1298 2389 1431 2464 potest

294 2497 466 2576 illumque
483 2493 652 2576 prosequi
671 2509 715 2556 ac
732 2491 963 2573 concludere,
983 2492 1137 2556 scilicet:
1159 2493 1210 2556 1.⁰
1225 2509 1321 2572 cum,
1337 2492 1429 2573 jux·

294 2609 332 2664 ta
350 2617 506 2663 canones
523 2601 704 2680 antiquos,
724 2599 938 2679 praesertim
960 2615 1049 2661 vero
1074 2597 1274 2661 secundum
1306 2599 1429 2678 expli-

295 2706 403 2768 citam
435 2705 706 2786 permissionem
739 2705 888 2768 cauonis
913 2705 1052 2768 Placuit
1070 2702 1232 2768 Concilio
1267 2703 1429 2768 Cartha·

294 2809 435 2892 ginensi
459 2809 541 2872 VIII
573 2810 697 2872 tributi
738 2815 847 2890 utque
879 2811 915 2872 in
947 2809 1143 2872 Decretum
1176 2809 1427 2874 Gratianeum

293 2922 479 2997 tamquam
495 2915 640 2996 genuini
669 2916 830 2994 celatia
860 2915 955 2978 laica
981 2919 1165 2996 potestate
1198 2917 1429 2996 impetratur

290 3020 462 3103 judicium
478 3020 763 3082 ecclesiasticum
783 3029 1005 3102 competens,
1022 3021 1091 3084 hoc
1105 3026 1172 3102 est,
1191 3039 1213 3084 a
1246 3022 1427 3104 Principe

293 3125 355 3189 vel
370 3124 512 3189 Summo
526 3124 734 3204 imperante
753 3127 898 3206 petitur,
916 3133 953 3189 ut
970 3144 1036 3190 sua
1054 3127 1155 3191 civili
1170 3144 1215 3190 ac
1245 3145 1428 3209 suprema

293 3231 510 3294 auctoritate
524 3229 699 3310 judicium
716 3229 977 3312 Episcoporurn
997 3232 1033 3296 iu
1062 3234 1183 3296 causis
1217 3234 1427 3315 spirituali-

292 3338 371 3418 bus,
390 3337 642 3418 religiosisque
660 3337 812 3417 uegotiis
829 3339 971 3401 sanciat
984 3337 1044 3421 (l):
1061 3338 1111 3403 29
1130 3341 1276 3421 quando
1295 3341 1344 3404 ad
1363 3359 1426 3405 su-

293 3461 454 3526 premam
470 3449 687 3524 potestatem
711 3443 937 3508 saecularem
966 3447 1176 3526 appellatur
1208 3466 1275 3528 pro
1306 3449 1426 3530 impe-

294 3549 425 3614 dienda
443 3553 677 3614 exsecutione
696 3551 795 3614 civili
815 3551 951 3616 decreti
969 3554 1112 3618 abusivi
1131 3559 1193 3619 aut
1211 3557 1427 3622 sententiae

293 3656 450 3735 injustae
464 3656 595 3734 jndicis
614 3656 864 3738 ecclesiastIci;
885 3665 970 3722 tuuc
989 3661 1083 3723 euim
1114 3661 1310 3743 appellans
1341 3667 1426 3726 tan-

294 3773 368 3822 tum
386 3761 557 3840 pustulat,
573 3766 611 3823 ut
636 3763 859 3826 exsecutioni
891 3782 963 3826 nou
993 3765 1186 3830 mandetur
1216 3769 1424 3852 sententia,

294 3907 452 3914 ..-...-——

366 3997 405 4062 (l)
440 3995 628 4048 Enlaudatus
650 4011 748 4048 canon:
777 3995 913 4058 ‹Placuit‚
929 4003 961 4052 ut
984 4002 1157 4068 quicumque
1177 4002 1214 4055 ab
1240 4005 1426 4070 Imperatore

294 4066 482 4131 cognltiouem
494 4065 669 4131 publicorum
681 4068 847 4133 judiciorum
873 4069 993 4135 petierIt,
1008 4073 1116 4126 honore
1141 4075 1257 4140 proprio
1282 4079 1432 4142 privetur.-

295 4139 322 4186 Si
334 4141 427 4188 autem
439 4137 605 4202 Episcopale
617 4137 752 4202 judicium
763 4139 799 4189 ab
812 4139 985 4204 Imperatore
998 4145 1194 4210 postulaverit,
1218 4145 1293 4199 nihil
1320 4149 1348 4200 ei
1373 4147 1426 4200 ob-

295 4208 347 4259 sit»
363 4209 433 4271 (can.
447 4206 499 4270 XI,
512 4221 587 4259 caus.
599 4207 649 4273 XI,
662 4211 769 4277 quaest.
779 4209 814 4277 I).
