3058 4994
540 381 722 440 -421-

84 521 124 600 el;
137 521 309 588 delevero
322 524 443 606 gratia
459 523 654 590 inducendi
670 523 968 606 uniformitatem,
983 541 1191 606 proponen-

84 635 165 693 teac
192 631 404 696 consulente
421 629 630 714 Germania,
664 631 783 697 eoacti
812 638 895 696 sunt
922 631 1065 696 Bernae
1095 649 1190 695 anno

88 733 159 797 1874
174 737 274 800 vices
287 736 453 802 Statuam
465 743 634 820 gerentes
652 737 699 802 ad
723 736 1013 802 constituendam
1036 742 1073 800 et
1099 737 1191 800 obsi·

84 841 253 920 guardam
298 843 464 910 Unioaem
501 846 719 910 veredarium
758 846 1002 925 universalem,
1038 861 1083 908 ex
1121 861 1193 925 qua

84 953 188 1012 ortum
212 949 510 1033 ducitpostrema
534 952 674 1033 epocha
702 951 877 1016 historiae
910 951 1193 1016 conventionum

83 1051 122 1116 de
137 1055 201 1120 boo
225 1065 440 1138 argumento
455 1059 757 1139 pertractandum
773 1058 834 1141 (1).

161 1161 216 1226 88.
266 1161 587 1245 Supervaeaneum
601 1181 750 1246 prorsus
763 1167 860 1228 esset
873 1163 1065 1228 ostendere
1080 1182 1192 1247 quan·

85 1271 150 1331 tum
166 1270 331 1334 utilitatis
344 1271 483 1336 cunctis
501 1273 643 1354 populis
661 1272 797 1336 afferre
830 1271 1034 1353 telegraphi
1067 1271 1191 1336 inven-

86 1373 206 1440 tionem
225 1376 272 1440 ad
288 1378 435 1441 facilem
453 1372 742 1460 celerioremque
758 1378 980 1442 reddendam
999 1377 1193 1443 communi·

82 1482 255 1548 cationem
279 1483 374 1548 inter
413 1489 554 1566 gentes:
589 1485 743 1549 hincab
776 1485 878 1548 initio
904 1484 1010 1564 huJus
1043 1485 1194 1566 pretiosi

85 1587 214 1653 inventi
230 1590 401 1656 nationes
419 1592 539 1655 cultae
559 1591 648 1656 nihil
672 1593 890 1656 intentatum
919 1591 1100 1673 reliquere
1128 1609 1193 1672 pro
1227 1611 1263 1634 ..

84 1693 311 1762 diffundendo
330 1705 439 1779 atque
454 1699 681 1764 uniformiter
699 1698 900 1780 regulando
919 1698 987 1761 hoo
1017 1697 1194 1762 famulatu

86 1801 362 1868 internetionali.

166 1909 273 1974 Primi
289 1918 440 1975 conatus
455 1912 609 1976 effectus
625 1916 765 1976 tantum
780 1911 956 1976 relativos
969 1916 1006 1974 et
1019 1910 1196 1992 partiales

83 2016 195 2079 sortiti
208 2023 303 2098 sunt,
320 2017 371 2080 uti
389 2017 567 2082 Unionem
584 2017 870 2100 telegraphieam
890 2035 984 2080 anno
1005 2017 1091 2080 1850
1103 2017 1197 2080 inter

86 2118 310 2187 Germaniam
340 2131 377 2188 et
404 2125 588 2188 Austriam
621 2125 857 2204 celebratam,
889 2123 946 2187 cui
974 2123 1083 2204 paulo
1116 2127 1198 2202 post

86 2230 301 2312 subsequuta
314 2235 370 2294 est
383 2229 476 2294 Unio
491 2231 587 2294 inter
601 2229 759 2296 Galliam
773 2237 808 2294 et
824 2229 987 2311 Belgium
1003 2229 1195 2308 firmatam,

88 2335 384 2420 adstipulantibus
401 2338 585 2402 nonnullis
602 2337 683 2401 aliis
701 2335 874 2416 statibus,
894 2336 957 2399 sed
974 2353 1054 2398 cum
1073 2351 1197 2398 onrnes

88 2459 305 2525 summopere
323 2449 543 2525 exoptarent
561 2443 754 2525 quamdam
787 2443 1070 2507 adsociationem
1089 2459 1197 2523 gene·

90 2547 204 2630 ralem,
220 2567 313 2632 quaa
330 2550 464 2614 limites
482 2551 586 2614 unius
604 2551 665 2614 vel
682 2550 834 2614 alterius
865 2550 1023 2612 nationis
1041 2548 1196 2612 transili-

91 2659 150 2735 ret,
167 2664 273 2738 atque
291 2657 439 2738 regulas
465 2659 662 2722 uniformes
695 2657 1013 2721 communicationi
1043 2656 1198 2738 telegra·

89 2760 208 2842 phicae
222 2771 434 2828 cunctarum
446 2765 607 2846 gentium
621 2764 861 2846 applicandas
880 2763 1197 2846 complecteretur,

92 2954 262 2968 -Ἧ--α

155 3127 191 3194 (l)
227 3129 268 3182 La
280 3129 457 3183 convencldn
469 3129 505 3180 de
519 3127 613 3181 Berna
631 3127 680 3178 fue
693 3141 731 3178 un
756 3129 994 3180 acontaclmlento
1016 3124 1139 3177 fecundo
1164 3138 1201 3175 en

89 3201 210 3266 renuis·
224 3200 348 3267 paratos
369 3199 505 3254 servicios
519 3199 653 3266 postules,
667 3203 771 3264 puesto
784 3215 840 3264 qne
853 3199 900 3250 did
914 3213 965 3264 por
989 3196 1133 3249 resultado
1158 3195 1201 3246 las

92 3267 238 3334 siguientes
254 3273 386 3338 maiores:
401 3275 449 3338 le,
463 3272 490 3323 la
503 3269 623 3324 libertad
637 3268 769 3322 absoluta
782 3271 817 3321 de
831 3269 952 3322 transito
965 3268 1000 3320 de
1013 3269 1055 3318 las
1069 3271 1162 3318 cartas
1183 3281 1201 3331 y

93 3339 171 3392 delos
184 3349 321 3409 paquetes
333 3343 458 3410 postales
471 3341 488 3393 d
500 3342 595 3394 traves
609 3339 654 3392 del
672 3343 812 3393 territorio
825 3341 860 3392 dc
874 3341 915 3391 las
930 3341 1075 3404 potenclas
1095 3345 1202 3388 contra-

90 3413 185 3475 mutas,
198 3419 247 3481 2²,
261 3416 289 3466 la
301 3415 516 3481 simpllfioacidn
531 3413 566 3465 de
578 3414 620 3464 las
634 3417 752 3464 clientas
765 3416 845 3463 entra
858 3413 901 3462 loa
914 3409 1045 3475 Estados,
1065 3407 1082 3460 d
1105 3407 1202 3474 propb-

92 3481 142 3533 suo
153 3483 195 3536 del
207 3485 292 3538 savio
305 3486 338 3537 de
350 3490 444 3537 cartas
457 3501 475 3550 y
489 3484 524 3536 de
535 3485 655 3550 objetos;
670 3487 720 3542 lla,
733 3497 790 3534 una
804 3481 868 3548 baja
882 3479 1079 3533 considerable
1099 3479 1135 3530 de
1161 3479 1203 3530 las

93 3554 182 3606 tariias
194 3571 261 3622 para
275 3557 301 3609 el
315 3555 437 3623 priblico;
452 3557 528 3607 tela
541 3554 690 3622 supresidn
706 3554 741 3606 de
753 3553 794 3604 las
807 3553 949 3606 fronteras
962 3567 998 3603 en
1009 3549 1128 3604 materia
1142 3565 1203 3616 pos·

94 3623 136 3689 tal,
148 3625 293 3680 formando
308 3628 422 3679 ansolo
437 3626 578 3678 territorio
592 3625 674 3677 todoe
688 3625 730 3676 loa
755 3626 850 3690 paises
878 3623 1096 3689 comprendldos
1120 3636 1156 3673 en
1178 3621 1205 3672 la

94 3695 179 3758 uniam
194 3701 243 3763 aa,
257 3699 284 3750 la
297 3697 411 3765 fijacidn
425 3699 460 3750 de
472 3699 513 3749 las
529 3699 635 3750 lormas
649 3695 776 3748 diversas
791 3695 857 3762 baJ'o
869 3694 911 3747 las
924 3695 1019 3746 cerulea
1033 3693 1110 3746 tiene
1123 3694 1206 3757 lugar

93 3763 118 3815 la
127 3769 374 3836 correspondencia
384 3769 589 3821 internecional
602 3770 705 3832 (cartae
718 3767 860 3832 senoillas,
873 3765 1056 3827 certificadas,
1071 3763 1204 3824 abiectas,

96 3839 160 3902 ele,);
172 3843 220 3902 lte,
234 3841 261 3893 la
274 3841 430 3893 fundacldn
444 3840 480 3892 de
494 3855 531 3892 un
543 3841 649 3906 organo
662 3838 775 3904 general
785 3837 821 3889 de
834 3839 861 3890 la
874 3837 969 3890 Unidn
981 3837 1073 3902 postal
1092 3833 1205 3886 scorda-

97 3905 186 3974 dapar
197 3912 222 3963 el
236 3909 426 3978 Congresode
436 3910 536 3973 Berua,
550 3909 705 3962 creandose
718 3909 936 3962 electivamente
955 3924 991 3960 en
1014 3911 1077 3959 esta
1101 3903 1205 3957 oiudad

97 3991 147 4030 nna
158 3982 258 4035 oficina
271 3983 486 4048 internecional,
500 3997 572 4048 coya
584 3981 688 4032 mlsidn
701 3994 749 4032 era
761 3995 875 4046 recoger
888 3997 907 4046 y
920 3978 1048 4046 publicar
1071 3977 1114 4028 las
1136 3971 1206 4027 noti-

97 4049 148 4102 cias
157 4054 287 4108 relativas
302 4055 328 4106 al
342 4055 462 4107 servicio
475 4053 688 4116 internaclooal‚
702 4050 752 4104 dar
761 4067 795 4102 su
808 4051 925 4118 opinion
939 4049 1022 4102 sobre
1034 4050 1076 4100 las
1088 4046 1207 4099 cuestio·

97 4132 141 4172 nea
154 4126 347 4178 contenciosas
360 4141 414 4192 qua
428 4125 564 4192 pudleran
579 4123 671 4188 surgit
684 4137 720 4174 en
741 4121 782 4174 las
802 4121 957 4175 relaciones
971 4121 1105 4188 postules,
1118 4117 1204 4170 facili-

96 4193 352 4263 terlellquidacidn
366 4195 402 4249 de
414 4202 532 4248 cuentas
556 4202 635 4248 entre
657 4195 700 4246 los
720 4193 853 4260 Estados,
878 4209 896 4260 y
919 4193 1107 4260 desemperiar
1127 4193 1206 4243 otras

96 4260 233 4322 brectones
245 4267 389 4334 analogas.
