3062 4994
781 351 961 412 ἃ.]34..

311 495 362 560 lia
377 495 519 577 integre
530 495 726 578 servanda,
740 495 936 578 tranquillo
953 492 1192 577 relinquenda
1210 497 1247 558 et
1263 492 1444 576 religiose

312 601 466 668 colenda
482 605 565 666 sunt
582 602 641 684 (1).

401 705 456 770 77.
503 705 606 772 Nunc
624 723 725 790 vero,
745 707 922 790 reliquum
940 711 996 771 est
1012 707 1057 771 de
1081 707 1151 772 hac
1182 705 1446 770 controversia

311 809 491 878 disserere
506 815 572 879 sub
589 818 740 896 aspectu
748 813 907 900 juridico
941 831 985 878 ac
1014 815 1187 900 ralipioao,
1218 810 1444 895 inquirendo

311 919 458 1002 quinam
473 918 598 984 modus
616 919 878 1002 praeferendas
894 919 942 983 sit
955 924 1079 1002 utpote
1097 918 1259 982 naturali
1290 917 1442 1000 pietati,

312 1025 433 1090 sensui
465 1025 663 1091 christiano
693 1031 730 1090 et
757 1025 887 1091 morali
911 1025 1173 1108 significationi
1207 1025 1324 1106 magis
1354 1041 1442 1088 con-

313 1141 521 1196 sentaneus.
808 1123 811 1128 ’

403 1235 471 1318 Qui
510 1237 768 1302 cremationem
796 1235 1019 1302 contendunt
1053 1253 1120 1318 pro
1153 1253 1220 1300 sua
1252 1235 1445 1302 sententia

314 1343 449 1406 tuenda
465 1343 646 1408 adducere
659 1343 778 1408 solent
804 1342 1091 1426 symbolismum,
1126 1341 1441 1422 convenientiam,

313 1447 500 1530 pietatem,
518 1449 791 1514 fundamentum
808 1447 1046 1512 scientificum
1060 1455 1171 1530 atque
1184 1449 1442 1514 oeconomiam

313 1551 464 1633 hujusce
481 1555 583 1618 ritus:
601 1555 868 1640 symboliamam,
887 1554 974 1636 quia
990 1553 1167 1618 crematio
1192 1571 1257 1618 scu
1285 1553 1442 1618 dissolu-

314 1657 365 1722 tio
383 1661 547 1742 corporis
564 1661 600 1725 in
617 1677 775 1743 vapores
795 1659 951 1742 quadam
970 1661 1115 1742 poetica
1148 1659 1291 1724 ratione
1309 1665 1349 1725 et
1366 1679 1444 1743 my·

314 1765 407 1829 stico
419 1783 527 1830 sensu
545 1768 688 1830 animae
701 1765 951 1832 ascensionem
965 1767 1002 1830 iu
1032 1767 1173 1830 coelum
1189 1767 1382 1849 aptissime
1396 1769 1443 1832 si·

315 1871 477 1954 gnificat3
496 1875 777 1956 convenientiam,
796 1873 881 1956 qula
898 1873 1034 1937 vitatur
1063 1891 1197 1956 magna
1230 1875 1441 1939 irreveren-

315 1978 368 2040 tia
384 1983 421 2042 ct
437 1986 652 2062 conspectus
670 1997 758 2044 vere
784 1979 998 2061 horrendus,
1034 1997 1129 2062 quae
1158 1981 1194 2044 in
1227 1980 1444 2046 humatione

316 2086 524 2150 necessario
537 2085 729 2168 habentur,
762 2085 909 2167 quippe,
929 2083 1136 2166 hujusmodi
1168 2085 1240 2148 ritu
1272 2092 1441 2167 servato,

315 2203 474 2272 corpora
492 2191 743 2256 defunctorum
761 2191 797 2254 in
815 2189 935 2254 tabem
953 2191 1130 2273 converti,
1147 2191 1386 2274 muribusque
1400 2209 1446 2256 ac

317 2297 501 2361 vermibus
516 2297 730 2362 manducari
746 2295 954 2374 devenient,
974 2298 1158 2381 pietatem,
1178 2299 1365 2381 quoniam,
1387 2317 1442 2364 se·
1516 2309 1517 2368 J

316 2403 503 2468 melincta
520 2404 779 2485 combustione,
798 2403 939 2467 cineres
956 2401 993 2466 in
1026 2403 1114 2485 ipsis
1129 2401 1294 2469 domibus
1322 2423 1442 2470 asscr-
1516 2435 1517 2451 π

316 2509 398 2574 vari
415 2515 576 2594 possunt,
591 2514 629 2574 ut
640 2511 693 2574 ita
707 2511 903 2574 foveantur
916 2509 967 2591 pii
984 2527 1029 2574 ac
1057 2511 1246 2576 naturales
1278 2513 1444 2578 affectus

316 2617 563 2698 superstitum,
577 2616 707 2699 quibus
724 2615 829 2680 dulce
845 2615 1014 2679 solatium
1032 2625 1142 2698 atque
1159 2617 1348 2699 ingentem
1367 2620 1441 2684 lae-

316 2721 433 2785 titiam
447 2722 558 2788 asiert
574 2741 654 2786 cum
671 2723 745 2786 suis
770 2721 865 2786 caris
885 2723 1112 2804 conversari,
1141 2739 1341 2807 eorumque
1358 2725 1443 2790 reli·

318 2827 421 2908 quias
457 2845 546 2909 prae
584 2829 698 2893 oculis
730 2827 878 2906 habero;
905 2827 1171 2912 fundamentum
1200 2831 1442 2918 scientificum,

318 2932 608 3014 quandoquidem
625 2933 804 3016 plurimae
817 2933 978 2996 rationes
995 2933 1033 2997 iu
1048 2933 1130 3015 ipsa
1146 2935 1305 3018 hygieno
1323 2939 1441 3019 publi·
1515 2949 1516 2958 ¹

318 3053 362 3102 ca
374 3037 522 3103 innixae
539 3041 668 3122 cuique
685 3041 813 3122 aperte
830 3038 1053 3120 persuadent
1069 3042 1178 3106 ritum
1203 3045 1443 3108 cremationis

318 3145 483 3208 absolute
501 3163 581 3210 csse
609 3145 914 3227 anteponendum
944 3151 1169 3228 compertum
1197 3167 1359 3233 namque
1388 3155 1445 3216 est

319 3251 474 3316 celerem
492 3251 754 3334 dispersionem
768 3252 804 3314 in
821 3267 944 3314 aerem
976 3251 1240 3320 exalationium
1273 3259 1445 3340 corporis

319 3355 465 3420 humani
478 3357 647 3440 publicas
659 3357 768 3420 saluti
784 3356 883 3420 nullo
915 3360 1023 3436 pacto
1053 3375 1200 3442 nocero,
1228 3361 1295 3426 sed
1323 3369 1441 3427 custo·

319 3461 415 3526 diam
434 3463 654 3528 cadaverum
672 3478 868 3544 eorumque
884 3462 921 3526 in
953 3463 1125 3543 sepulcra
1141 3467 1347 3534 illationem
1380 3474 1444 3534 aut
1514 3499 1515 3542 i

319 3566 563 3634 humationem
596 3570 735 3634 damnis
765 3567 931 3651 positivis
970 3571 1204 3638 occasionem
1239 3579 1441 3658 praebere,
1514 3561 1515 3579 ¹

320 3671 406 3752 quia
422 3679 495 3737 tum
514 3691 578 3738 aer
595 3675 847 3758 circumstans,
881 3681 956 3740 tum
990 3693 1110 3758 aquae
1128 3679 1313 3760 potabiles
1344 3683 1443 3747 infici

319 3783 482 3860 possunt;
500 3785 741 3862 oeconomiam,
766 3781 942 3864 siquidem
973 3785 1011 3848 in
1040 3785 1267 3850 crematione
1296 3788 1443 3852 minime

319 3923 479 3935 n-——n——n

391 4015 432 4079 (1)
469 4015 524 4077 Qui
532 4015 568 4069 de
582 4015 693 4082 origine
704 4020 734 4068 et
745 4016 942 4072 vicissitudine
952 4023 1101 4088 utriusque
1113 4023 1195 4090 ritus,
1207 4027 1267 4075 tam
1278 4021 1445 4078 humationis
1513 4009 1514 4070 l

322 4097 407 4148 quam
421 4086 600 4154 cremationir,
614 4087 770 4140 uberiorem
779 4088 908 4142 notitiam
923 4091 1071 4146 addiscere
1081 4094 1160 4158 velit,
1185 4094 1272 4148 adeat
1291 4097 1373 4164 Opus
1396 4113 1442 4150 no·
1513 4097 1514 4143 l

319 4157 478 4277 ffiurfflcui
491 4159 599 4211 titulus:
611 4157 726 4210 Manual
739 4158 776 4209 de
787 4159 973 4228 Arqueologia
985 4161 1186 4234 Prehistdrica,
1207 4163 1273 4220 Par.
1289 4169 1330 4219 2.·
1350 4183 1411 4236 cap.
1420 4167 1443 4230 1,
