3062 4994
540 369 700 426 ..97-

93 509 155 572 sive
176 511 340 575 stabiliter
356 527 423 593 per
439 511 636 593 imaginum
661 512 927 594 expositionem
946 517 1052 578 extra
1076 519 1183 597 septa

91 613 261 698 Ecclesiae,
279 635 423 700 nempe,
443 618 480 682 in
492 619 581 700 ipsis
597 621 684 684 tocie
698 621 860 704 publicis,
890 627 978 704 puta
995 625 1032 688 iu
1049 625 1182 707 plateis

94 723 199 784 etviis.
707 747 709 752 ¹

162 827 209 892 De
224 829 310 894 locis
327 830 440 896 cultui
458 829 601 913 publico
620 832 828 916 peragendo
852 836 1062 916 specialiter
1080 838 1182 904 oleati-

96 933 316 1016 ulciscemini,
337 935 399 1016 qui
423 935 623 1000 catholicus
653 938 713 1018 eit,
748 937 934 1020 ambigere
961 938 1059 1020 licet,
1096 943 1183 1024 quin

97 1033 230 1102 Ecclesia
240 1041 321 1120 jure
338 1041 485 1123 proprio
504 1060 548 1106 ac
573 1043 760 1108 exclusivo
778 1043 949 1125 gaudeat:
971 1045 1183 1128 ⁸)·erigendi

96 1147 215 1226 templa,
249 1155 285 1210 ut
312 1148 468 1228 populus
486 1149 705 1214 christianus
736 1157 994 1234 congregetur,
1031 1155 1183 1220 verbum

93 1249 147 1312 Dei
160 1252 283 1332 audiat,
301 1253 481 1318 sacrificio
500 1255 665 1337 adsistat,
700 1258 928 1340 caeterisque
962 1261 1182 1324 ecclesiasti-

94 1357 133 1419 cis
147 1346 376 1424 lunctionibus
394 1361 602 1442 participem
619 1360 646 1442 b)
661 1364 861 1445 reparandi
879 1365 1056 1429 ecclesias
1073 1367 1182 1430 colle-

93 1462 206 1547 bentes‚
232 1485 335 1532 secus
353 1471 448 1532 enim
465 1468 631 1558 fidelibus
661 1469 830 1534 deessent
861 1471 944 1536 loca
975 1474 1184 1536 necessaria

93 1571 341 1654 uelopportuua
359 1574 406 1637 ad
423 1575 558 1639 cultum
575 1575 653 1638 Deo
668 1575 828 1640 debiturn
847 1577 1089 1660 tribuendum,
1103 1596 1184 1642 sua-

95 1694 147 1756 que
160 1680 321 1760 religiosa
338 1681 460 1745 officia
484 1681 730 1763 adimplenda;
748 1688 772 1762 ⁰)
791 1684 1006 1766 designandi
1034 1685 1184 1767 templo-

93 1799 153 1846 rum
167 1803 345 1850 numerum
357 1805 422 1867 pro
440 1787 660 1852 christianae
674 1789 790 1871 plebis
808 1791 1026 1855 necessitate
1043 1797 1106 1855 aut
1120 1793 1184 1855 uti·

94 1889 222 1976 liutei)
252 1894 517 1958 determinandi
563 1897 761 1977 specialem
799 1915 923 1962 eorum
965 1904 1185 1963 structuram
1225 1889 1230 1901 “

95 2001 179 2077 atque
195 2001 411 2064 exteriorem
424 2001 590 2082 formam,
610 2003 689 2066 usui
702 2020 821 2083 sacro,
836 2003 995 2066 fidelium
1014 2005 1132 2067 coetui
1149 2011 1186 2068 et

95 2104 257 2186 religiosae
290 2108 524 2172 destinationi
543 2109 868 2192 accommodatam,
888 2112 1045 2174 ser'vatis
1062 2117 1186 2174 tamen

92 2208 173 2286 justis
185 2214 380 2278 aedilitatis
397 2232 461 2278 seu
478 2216 665 2296 municipii
679 2217 834 2296 legibus;
852 2219 878 2294 θ)
892 2215 1048 2282 habendi
1066 2233 1110 2278 ac
1128 2215 1185 2278 de-

95 2314 229 2382 clarandi
245 2337 354 2382 sacra
367 2319 534 2384 aedificia
551 2339 573 2382 a
589 2321 752 2402 profanis
781 2322 918 2402 usibus,
952 2320 1053 2384 civili
1079 2321 1185 2401 jnris-

94 2419 222 2490 dictione
238 2433 275 2489 et
291 2426 447 2507 publicis
465 2427 707 2508 vectigalibus
737 2428 922 2507 immunia;
941 2428 1062 2508 agitur
1091 2427 1187 2490 enim

94 2526 163 2594 iniis
180 2534 341 2598 omnibus
359 2533 404 2597 de
421 2534 565 2615 objecto
582 2535 678 2616 quod
695 2534 833 2598 directe
852 2534 914 2597 fini
932 2533 1113 2615 spirituali
1128 2533 1186 2596 de-

95 2639 195 2702 servit.
1047 2659 1051 2668 ·

160 2747 247 2814 Hinc
281 2751 440 2830 injustae
478 2753 515 2815 et
546 2749 734 2815 Ecclesiae
763 2749 963 2832 injuriosae
995 2747 1187 2812 habendae

94 2857 166 2934 suut,
179 2874 220 2920 ac
236 2857 338 2920 velut
353 2857 581 2921 execrabiles
593 2857 728 2920 abusus
742 2873 891 2938 prorsus
903 2855 1126 2936 rejiciendae
1139 2853 1187 2916 le·

94 2973 174 3036 gesa
196 2963 294 3027 civili
317 2967 499 3044 potestate
523 2964 635 3044 latae;
655 2961 683 3042 ⁸)
708 2963 873 3047 culpando
902 2962 1093 3043 praeviam
1125 2979 1187 3042 gu·

94 3060 185 3130 bernii
197 3070 470 3150 permissionem
483 3087 548 3152 pro
567 3068 749 3150 erigendis
766 3067 922 3150 templis,
949 3085 991 3131 eo
1018 3066 1113 3150 quod
1132 3083 1187 3129 ec·

95 3167 204 3238 clesiae
239 3181 391 3258 propter
419 3176 687 3258 exemptionem
731 3191 754 3237 a
779 3174 1011 3255 generalibus
1045 3171 1188 3234 tributis

94 3279 280 3346 societatem
292 3287 451 3364 gravent
460 3287 569 3364 atque
582 3281 693 3345 statui
704 3285 958 3344 nocumentum
972 3279 1144 3358 aflerant;
1161 3275 1188 3356 b)

93 3380 250 3454 limitando
290 3389 507 3471 templorum
554 3405 742 3453 numerum
786 3387 936 3450 obtentu
974 3385 1189 3449 excessivae

93 3495 294 3575 quantitatis,
314 3495 466 3577 perinde
481 3512 524 3559 ac
550 3475 581 3558 si
606 3494 780 3575 judicium
807 3493 850 3556 de
867 3492 937 3555 hac
953 3508 993 3554 re
1011 3508 1091 3554 cum
1118 3491 1190 3556 fine

93 3596 249 3674 spirituali
280 3601 488 3666 immediate
521 3619 689 3665 connexa
708 3601 754 3663 ad
772 3599 917 3664 civilem
935 3598 1190 3664 auctoritatem

93 3711 264 3789 spectarem
284 3709 308 3787 ο)
321 3709 593 3792 praescribendo
622 3697 795 3788 religiosa
827 3704 995 3769 aedilicia
1026 3705 1191 3768 eamdem

94 3805 225 3878 lormam
242 3823 433 3880 externam
445 3815 676 3898 praeseferre
705 3831 749 3878 ac
766 3815 849 3877 loca
878 3814 916 3876 in
933 3831 1027 3894 quae
1060 3815 1191 3875 coeunt

96 3921 196 3984 sectae
208 3923 434 3987 acatholicae
458 3926 521 3986 aut
551 3922 824 3986 communiones
856 3937 929 3983 non
954 3917 1188 3996 christianam

105 4015 125 4100 dl
132 4025 271 4106 jubendo
282 4029 366 4094 loca
382 4045 490 4094 sacra
508 4029 629 4092 usibus
643 4027 808 4110 profanis
822 4025 915 4090 sicut
932 4031 1080 4088 caetera
1093 4022 1190 4087 aedi·

96 4127 161 4196 ficia
184 4135 373 4218 inservire;
389 4143 415 4216 ⁰)
434 4135 645 4202 decernendo
672 4135 710 4198 in
742 4133 870 4197 eodem
901 4131 1037 4213 templo
1066 4129 1190 4196 varios

95 4244 238 4308 exerceri
251 4243 382 4326 cultus,
397 4243 449 4307 ita
466 4248 505 4307 ut
522 4241 702 4306 distinctis
717 4239 816 4304 horis
848 4237 1027 4302 habeatur
1055 4236 1191 4301 exerci-

1124 4343 1138 4393 r
