3058 4994
64 2 224 99 nawa

116 79 117 82 ,
131 87 135 92 ¹,
174 61 186 80 -r
219 55 233 71 ·'

594 383 772 441 -479-

110 525 294 590 ravitlix
310 529 397 590 tunc
414 527 588 608 temporis
604 545 719 609 prope
735 528 925 590 innumera
943 543 1056 608 opera
1070 528 1241 608 prodiere

112 631 165 695 de
181 631 249 696 hoc
265 637 479 713 argumento
499 634 775 713 pertractantis.

209 737 431 802 Neutralitas
441 741 576 821 passim
590 739 883 824 delinitur3pleno
897 747 928 804 et
941 741 1098 804 absoluto
1107 742 1246 806 absten-

113 847 166 910 tio
185 869 206 911 a
222 866 431 930 quaerentque
441 848 722 930 participatione,
741 848 939 912 directanei
956 847 1140 928 indirecta,
1156 849 1244 914 bello

112 953 211 1016 inter
226 953 312 1016 dnos
324 951 443 1018 Status
456 963 540 1033 orto,
559 957 609 1018 ita
625 962 662 1020 nt
673 955 788 1020 nentri
798 957 896 1038 parti
909 955 1109 1020 bellantium
1121 961 1246 1040 sanea-

112 1067 190 1139 tnr,
208 1059 269 1124 etri
297 1061 475 1144 atrinsqne
499 1063 656 1125 amicitia
686 1083 791 1144 oeque
820 1063 965 1127 colntnr.
997 1061 1052 1125 De
1086 1062 1243 1127 diversis

112 1166 367 1230 neutralitatis
380 1168 582 1248 speciebus
598 1167 642 1230 de
655 1169 797 1249 juribus
814 1169 983 1250 gentibus
1012 1170 1240 1234 neutralibus

113 1275 410 1354 competentibus
454 1293 650 1356 eorumque
681 1277 983 1358 restrictionibus,
1017 1293 1160 1339 necnon
1200 1275 1245 1340 de

114 1380 251 1444 officiis
264 1382 481 1444 neutralium
499 1389 608 1463 atque
622 1383 823 1446 violatione
837 1384 1083 1448 neutralitatis
1096 1383 1246 1446 summis
1302 1471 1304 1474 Ι

113 1487 228 1550 labiis
253 1487 391 1570 aliquid
410 1487 662 1552 delibabimus

212 1593 288 1656 147.
336 1594 496 1658 luristae
515 1596 787 1658 neutralitatem
812 1595 1051 1660 communiter
1078 1595 1245 1660 dividere

1 1773 2 1782 χ
114 1707 364 1764 consuescunt
376 1702 412 1764 in
426 1702 629 1765 naturalem
644 1709 680 1765 et
693 1702 1023 1780 conventionalem,
1040 1703 1243 1783 perfectam

1 1791 2 1836 ³
114 1816 185 1870 aut
200 1809 464 1889 imperfectam,
485 1817 593 1890 atque
611 1817 789 1872 armatam
818 1809 879 1872 vel
893 1819 1120 1892 perpetuam:
1141 1817 1243 1874 nata-

112 1915 209 1978 ralia
234 1913 365 1978 dicitur
396 1917 612 1980 neutralitas
640 1933 711 1998 qua
741 1915 909 1980 fruuntur
941 1915 1065 1980 Status
1101 1919 1245 1982 ratione

114 2023 292 2103 propriae
309 2022 616 2104 independentiae
629 2023 650 2086 J
654 2041 716 2086 ure
730 2029 884 2086 naturae
896 2024 1059 2104 fulcitae,
1076 2026 1161 2106 quin
1180 2025 1246 2088 ali-

115 2129 207 2212 quid
220 2129 358 2192 laciant
375 2135 439 2192 aut
456 2129 644 2193 declarent
662 2111 726 2211 pro
747 2148 815 2192 una
836 2130 895 2192 vel
913 2130 988 2193 alia
1006 2131 1154 2194 natione
1171 2132 1246 2194 bel-

114 2238 304 2318 ligeranti;
324 2238 594 2301 conventionalia
619 2238 825 2300 nominatur
842 2255 935 2318 quae
963 2237 1115 2318 speciali
1133 2245 1241 2318 pacto

116 2343 263 2406 sancita
277 2351 332 2406 est
344 2345 424 2406 sive
442 2343 487 2405 ad
501 2342 769 2424 agnoscendam
784 2343 904 2424 quoad
917 2351 1044 2424 gentes
1058 2343 1245 2407 neutrales

115 2451 237 2532 ipsam
255 2450 460 2513 naturalem
478 2449 763 2530 neutralitatem,
794 2451 873 2513 sive
889 2450 935 2512 ad
953 2449 1245 2530 restringendam

115 2556 240 2638 quoad
257 2555 379 2620 Status
396 2557 621 2622 debellantes
654 2559 904 2622 extensionem
922 2559 1021 2635 belii,
1040 2575 1122 2622 eam
1139 2561 1246 2622 terri-

112 2663 210 2727 terio
229 2663 470 2727 determinato
489 2665 831 2744 circumscribend03
856 2667 1015 2751 perfecta
1034 2666 1243 2746 appellatur

112 2789 211 2853 quae
230 2771 430 2836 definitioni
463 2791 574 2854 snpra
603 2773 739 2836 allatae
772 2773 881 2854 plane
915 2772 1099 2853 cohaeret,
1120 2779 1156 2836 et
1174 2773 1246 2836 sita

112 2878 226 2942 estin
243 2879 348 2942 totali
365 2897 409 2943 ac
427 2881 610 2960 completa
642 2881 871 2944 abstentione
900 2897 921 2942 a
954 2881 1083 2962 quovis
1102 2879 1242 2942 auxilio

113 2985 278 3050 Statibus
296 2985 550 3049 dimicantibus
569 2985 803 3067 p1·aestando;
822 2986 1026 3070 imperfecto
1044 3003 1132 3048 vero
1161 3002 1247 3048 con·

115 3093 213 3154 sistit
230 3092 268 3154 in
285 3093 421 3155 anxilio
440 3100 591 3173 utroque
611 3091 842 3172 belligeranti
872 3110 988 3174 aeque
1018 3091 1246 3174 praebendo;

116 3197 324 3278 hujusmodi
337 3199 610 3262 neutralitatem
623 3199 863 3282 imporciolem
874 3199 983 3262 etiam
998 3207 1249 3278 nuncupatam

118 3304 346 3386 rejicienden
365 3305 539 3384 ducimuS,
560 3305 694 3386 quippe
723 3306 880 3386 genuino
898 3305 1144 3368 neutralitatis
1159 3323 1248 3367 eon-

119 3413 242 3494 ceptui
261 3413 369 3492 plane
384 3413 615 3493 adversatur,
636 3429 729 3494 quae
743 3430 808 3493 per
831 3431 871 3476 se
889 3413 1097 3476 necessario
1115 3413 1245 3492 impor-

120 3525 176 3582 tet
208 3519 352 3599 plenam
383 3525 419 3582 et
436 3519 641 3583 absolutam
673 3537 695 3582 a
723 3535 951 3600 quacumque
985 3519 1247 3598 cooperatione

120 3624 400 3704 abstentionem3
419 3636 557 3690 armato
575 3624 828 3688 denominatur
842 3642 935 3706 quae
950 3626 1034 3705 jura
1052 3625 1249 3688 inviolabi-

119 3731 247 3811 litatis,
266 3732 445 3796 libertatis
462 3739 572 3814 atque
589 3730 896 3812 independentiae
914 3729 1080 3795 Statuam
1098 3737 1249 3794 neutra·

121 3837 208 3900 lium
221 3840 369 3921 propria
387 3840 424 3902 vi
442 3855 624 3902 armornm
648 3843 781 3916 tuetur;
811 3845 984 3922 perpetua
1014 3844 1069 3900 est
1100 3855 1144 3900 ea
1174 3855 1248 3918 qua

117 3943 255 4024 jngiter
273 3945 440 4008 fruuntur
458 3944 603 4026 quidam
621 3943 755 4022 Statue,
784 3943 836 4006 ita
860 3955 899 4006 ut
916 3944 1099 4024 publicum
1132 3944 1249 4006 natio·

121 4067 206 4115 num
221 4059 406 4114 certamen
420 4051 644 4130 coadjuvare
657 4067 840 4131 nunqnam
853 4055 1060 4113 teneantur:
1076 4049 1145 4112 hoe
1162 4065 1250 4112 neu·

122 4155 284 4220 tralitate
300 4158 461 4239 gandent
485 4159 522 4222 in
545 4157 692 4239 Europa
718 4156 883 4238 Belgium
912 4173 958 4220 ex
994 4154 1250 4221 Conventione

122 4261 343 4331 Londinensi
356 4266 453 4348 1831,
469 4265 640 4329 Helvetia
657 4282 702 4329 ex
718 4261 923 4345 Congressu
937 4263 1136 4328 Viennensi
1148 4263 1247 4344 1815,
