3226 4994
642 361 801 418 „33-

159 521 278 587 neque
304 521 366 567 aas
384 520 477 586 quae
504 504 679 588 simplices
697 509 889 570 vocantur.
910 504 1038 586 Quoad
1055 505 1192 588 primas
1220 506 1280 572 ab·

160 611 308 676 surdum
326 616 362 674 et
394 610 719 674 contradictorium
760 615 856 675 esset
883 613 1044 677 tribuere
1071 610 1189 676 Statni
1220 615 1281 678 vel

160 717 435 799 magistratibus
458 716 562 780 laicis
576 719 635 798 jus
669 718 869 799 recipiendi
904 719 970 782 has
999 719 1279 802 appellationes,

161 842 242 890 cnm
259 824 329 906 ipsi
343 823 442 886 nullo
459 829 566 905 pacto
581 823 707 888 haberi
726 829 877 907 possunt
894 825 996 888 velut
1009 826 1216 907 superiores
1225 827 1281 906 ju·

136 932 301 995 'dicibus
326 929 595 1008 ecclesiasticis,
631 931 764 1012 quippe
785 931 847 1012 qui
872 931 918 994 ad
947 930 1108 996 ordinem
1135 931 1281 995 civilem

161 1039 347 1120 portinent
363 1053 511 1117 prorsus
530 1036 811 1117 heterogeneum
852 1036 970 1100 ordini
998 1037 1182 1119 religiosa
1212 1055 1281 1120 age

158 1143 248 1225 Jam,
268 1142 466 1224 appellatio
484 1149 617 1206 vereat
634 1145 781 1225 proprie
803 1145 901 1207 diota
918 1143 1090 1208 exallata
1106 1144 1279 1210 delinitio-

161 1267 209 1313 ne
226 1255 281 1312 est
298 1249 511 1329 provocatio
530 1249 575 1312 ab
591 1250 755 1312 inferiori
790 1250 835 1312 ad
867 1251 1092 1330 superiorem
1122 1251 1282 1332 judicem

162 1373 272 1438 super
290 1355 504 1436 gravamine
517 1356 619 1418 illato
653 1356 714 1418 vel
746 1356 946 1420 inferendo.
974 1353 1102 1435 Quoad
1131 1358 1279 1442 alteras,

162 1479 306 1542 nempe,
343 1461 609 1542 appellationes
647 1463 822 1546 sirnplicas
849 1467 886 1526 ct
921 1463 1112 1546 improprie
1152 1461 1280 1546 dictas,

164 1585 298 1648 omnes,
317 1567 433 1630 velint
445 1567 573 1646 nolint,
588 1567 697 1631 lateri
716 1571 887 1632 tenentur
905 1585 968 1631 eas
1001 1567 1048 1630 ad
1076 1569 1193 1632 iorum
1226 1589 1280 1635 eo-

164 1673 407 1737 olesiastioum
422 1691 501 1737 esse
515 1673 743 1754 deferendae,
758 1678 832 1737 tum
851 1675 937 1757 quia
955 1673 1075 1755 agitur
1093 1673 1137 1738 de
1172 1681 1281 1740 mate-

163 1781 219 1844 ria
236 1779 420 1860 religiosa‚
438 1779 507 1842 hoc
524 1785 591 1858 est,
614 1779 658 1842 de
675 1780 794 1843 causis
811 1797 877 1861 per
902 1797 941 1842 se
974 1783 1011 1842 ct
1039 1781 1282 1846 essentialiter

164 1885 425 1968 spiritualibue,
446 1885 632 1967 quaejure
666 1885 788 1948 divino
822 1883 1010 1948 Ecclesiae
1038 1885 1283 1966 jurisdictioni

165 1993 355 2056 dumtaxat
372 1991 535 2072 subsunt,
555 1997 629 2054 tum
645 1992 753 2054 etiam
768 1993 865 2073 quia,
887 1997 925 2054 ut
948 2009 1064 2072 nuper
1088 1993 1280 2075 inanimae,

165 2100 253 2163 ordo
272 2098 402 2179 civilis,
422 2115 466 2161 ae
483 2097 634 2179 proinde
648 2097 761 2178 judex
785 2099 900 2162 laicus
918 2103 974 2161 est
989 2098 1140 2162 inferior
1157 2100 1282 2165 ordina

165 2211 201 2270 θῖ
212 2207 336 2287 judice
353 2205 616 2284 ecclesiastico,
637 2223 658 2268 a
683 2223 752 2286 quo
770 2205 948 2268 indirecte
983 2222 1046 2268 seu
1074 2205 1194 2286 logica
1226 2225 1282 2270 su-

163 2311 417 2376 bordinatione
453 2311 645 2393 dependet.
681 2310 855 2393 Equidem
885 2311 931 2375 ad
963 2309 1101 2375 Statum
1133 2313 1283 2395 ejusque

163 2421 399 2500 magistratus
416 2424 559 2500 spectat
591 2418 786 2482 defendere
818 2417 1042 2482 subditorum
1071 2419 1169 2500 jure,
1190 2439 1283 2502 quac

164 2543 211 2590 ex
239 2525 434 2607 hypothesi
459 2543 481 2588 a
510 2525 633 2606 judice
666 2523 915 2590 ecclesiastico
947 2524 1193 2606 laederentur;
1220 2527 1284 2592 sed

163 2631 281 2695 Statui
296 2637 332 2694 et
348 2632 448 2696 civili
466 2631 675 2695 auctoritati
688 2629 911 2695 solummodo
929 2630 1103 2695 incumbit
1120 2631 1283 2699 defensio

160 2739 296 2819 jurium
310 2739 471 2803 civilium
489 2756 552 2802 seu
570 2739 837 2819 temporalium,
857 2741 1035 2819 qnatenus
1064 2739 1155 2802 talia
1186 2746 1282 2822 sunt,

165 2846 311 2908 minime
329 2863 416 2909 vero
426 2845 562 2927 jurium
579 2845 820 2926 spiritualium
839 2849 966 2908 contra
994 2845 1112 2926 ipsam
1125 2849 1283 2926 potesta-

166 2957 238 3014 tern
257 2952 494 3032 spiritualem,
513 2953 574 3016 vel
592 2951 844 3033 temporalium
861 2968 953 3032 quae
971 2953 1177 3016 necessario
1193 2953 1283 3017 deri-

164 3065 299 3122 vantur
316 3076 338 3123 a
354 3059 603 3140 spiritualibus
621 3063 657 3122 θῖ
674 3076 756 3123 eum
770 3057 896 3122 iisdem
922 3056 1048 3120 intime
1065 3063 1283 3122 connectun-

164 3169 235 3246 tur,
256 3166 309 3229 uti
340 3165 463 3230 evenit
479 3166 516 3229 in
548 3184 635 3230 casu
660 3165 877 3246 privationis
908 3164 1076 3228 beneficii
1107 3183 1172 3246 per
1206 3183 1283 3229 sen·

164 3273 316 3337 tentiam
337 3271 548 3352 jndicialem
566 3272 699 3336 clerico
732 3271 936 3353 impositae,
970 3270 1007 3333 in
1036 3289 1106 3352 quo
1138 3271 1283 3335 amissio

164 3380 371 3444 reddituum
381 3380 593 3461 seujustitia
607 3396 740 3444 causae
754 3378 964 3460 temporalis
978 3377 1286 3442 arctissimonexu

164 3485 355 3550 vinculata
373 3490 429 3550 est
442 3486 628 3550 amissioni
645 3485 877 3566 praebendae
895 3501 958 3547 seu
969 3483 1134 3564 Justitiae
1152 3501 1285 3549 causae

165 3592 365 3675 spiritualis
397 3593 442 3656 ob
468 3611 575 3675 quam
595 3593 762 3674 privatus
795 3595 850 3655 θεῖ
874 3589 1063 3671 benefieio;
1090 3591 1151 3672 qni
1175 3591 1286 3672 igitur

165 3699 411 3780 competentia
428 3699 564 3780 gaudet
589 3697 779 3780 Judicandi
815 3697 858 3760 de
892 3713 1002 3760 causa
1030 3697 1223 3778 spirituali,
1243 3716 1285 3762 eo

166 3806 244 3886 ipso
270 3803 437 3886 judicare
461 3804 570 3868 debet
587 3804 631 3868 de
663 3821 774 3867 causa
806 3802 1000 3884 temporali
1018 3804 1176 3867 camilla
1193 3804 1285 3868 inse-

166 3910 383 3992 parabiliter
399 3912 607 3992 conJuncta.
627 3909 773 3974 Certum
791 3915 845 3973 est
873 3909 983 3974 etiarn
1001 3909 1047 3972 ad
1068 3911 1214 3974 civilem
1232 3929 1285 3975 so-

166 4017 338 4082 cietatem
354 4017 587 4100 ejusdemque
601 4020 763 4081 rectores
777 4016 962 4099 pertinere
976 4017 1127 4080 tutelam
1140 4017 1286 4081 honoris

167 4123 369 4204 civium;at
392 4123 615 4188 nullomodo
641 4124 698 4188 fas
723 4127 778 4187 est
799 4123 884 4186 hino
908 4122 1088 4187 deduc-cre
1111 4125 1288 4206 potestati

165 4231 353 4295 saeculari
370 4247 449 4294 esse
473 4231 703 4295 tribuendum
720 4230 779 4310 jus
796 4228 996 4312 reeipiendi
1020 4230 1287 4313 appellationes

1218 4335 1234 4388 3
