3058 4994
575 393 752 448 -411-

121 532 220 596 rendi
236 533 426 598 dominium
445 533 482 596 in
495 551 570 598 rem
590 534 749 617 aliquam
767 538 963 617 propterea
981 535 1075 618 quod
1088 555 1146 601 res
1160 538 1225 601 illa

117 639 165 700 rei
182 645 325 704 nostrae
351 641 581 726 adjiciatur„.
616 641 658 704 ln
686 642 774 706 Jure
798 643 1077 708 internetionali
1105 645 1224 708 locum

116 749 245 810 tantum
264 748 404 812 obtinet
421 749 584 812 accessio
601 751 788 831 natural-ir,
807 767 900 832 quae
925 751 1014 814 nibil
1047 751 1144 814 aliud
1169 757 1225 814 est

119 867 220 932 quam
236 854 377 918 “auctio
392 855 567 918 territorii
584 873 629 920 ex
643 857 779 920 influxu
794 857 976 938 agentium
991 857 1224 938 physicorum

116 960 310 1044 proiecta,
331 961 410 1026 Hac
426 981 536 1044 super
553 981 592 1026 re
610 965 803 1044 praevalet
819 964 941 1026 tritum
958 963 1056 1027 Juris
1073 964 1224 1028 Romani

117 1066 275 1132 effatum:
303 1071 531 1134 accessorium
563 1073 718 1153 sequitur
751 1071 961 1156 principale
991 1070 1097 1146 unde,
1132 1071 1225 1134 sicut

114 1173 206 1253 quod
221 1175 383 1238 nascitur
397 1175 433 1238 in
449 1183 575 1240 nostra
592 1178 817 1258 proprietate
844 1177 905 1240 vel
937 1177 1006 1258 ipsi
1039 1177 1222 1257 adjicitur,

112 1287 267 1344 nostrum
299 1289 480 1364 censetur,
507 1283 558 1346 ita
591 1283 699 1346 etiarn
733 1284 827 1364 quod
855 1283 1038 1346 territorio
1071 1283 1225 1364 alicujus

113 1383 229 1452 Status
257 1407 322 1469 per
340 1389 507 1453 unionem
523 1397 586 1454 aut
610 1392 962 1472 coagmentationem
988 1397 1223 1471 aggregatur,

113 1493 223 1558 eidem
243 1494 361 1559 Statui
379 1503 562 1577 tamquam
584 1499 682 1579 Juste
707 1499 921 1580 acquisitum
947 1496 1224 1560 adscribendum

111 1604 175 1664 est.

196 1705 250 1770 Ex
266 1708 431 1772 omnibus
450 1711 670 1774 accessionis
699 1712 855 1791 casibus,
882 1727 1032 1791 quorum
1065 1709 1226 1774 meminit

114 1810 135 1874 J
139 1831 176 1876 us
193 1815 390 1878 Romanum
406 1819 442 1880 et
460 1815 588 1898 Civile,
608 1817 677 1880 duo
696 1819 892 1900 praecipue
911 1817 946 1881 in
959 1817 978 1880 J
984 1833 1047 1880 ure
1063 1816 1226 1880 Interna-

117 1919 241 1984 tionali
255 1922 432 1987 obvenire
465 1923 594 2002 solent,
614 1941 754 2006 nempe,
787 1924 994 2005 coagulatio
1027 1923 1226 1986 insularum

114 2031 219 2108 atque
238 2029 389 2092 mutatio
408 2047 534 2094 cursus
551 2031 720 2094 fluvialis.

199 2136 249 2198 1.·’
298 2135 419 2218 Siqua
434 2137 552 2200 insula
571 2139 606 2200 in
621 2139 804 2200 mari-alto
818 2139 1042 2217 efformetur,
1058 2137 1103 2200 ad
1117 2138 1226 2200 nemi·

112 2255 189 2303 uem
207 2241 378 2322 pertinet,
397 2243 461 2306 sed
486 2247 671 2325 tamquam
690 2262 747 2307 res
766 2245 895 2308 nullius
912 2245 980 2306 erit
998 2243 1149 2324 primum
1169 2261 1226 2306 oc-

114 2350 290 2428 cupantis3
321 2349 488 2414 siinsula
514 2351 549 2413 in
583 2369 676 2414 zona
704 2352 886 2414 maritima
918 2351 1071 2430 alicujus
1104 2349 1228 2412 Status

117 2457 314 2536 emerserit,
330 2457 367 2520 vi
382 2457 583 2520 excessionis
597 2457 679 2520 huic
694 2457 973 2538 adJudicabitur;
989 2457 1018 2519 si
1033 2457 1068 2519 in
1083 2457 1227 2519 flumine

116 2563 288 2626 nationali
307 2563 483 2626 confletur
512 2563 642 2640 insula,
660 2565 797 2646 absque
827 2565 900 2626 ulla
930 2563 1154 2626 dubitatione
1181 2563 1227 2626 ad

80 2755 82 2762 Ι
114 2664 274 2732 Statuam
300 2669 480 2749 attinebit,
501 2670 559 2732 ubi
578 2670 658 2732 visa
676 2679 711 2732 et
726 2681 805 2733 orta
823 2676 889 2748 est3
909 2670 964 2733 sin
980 2687 1067 2733 vero
1097 2687 1228 2751 coagu-

18 2769 19 2772 ’
119 2773 203 2839 letio
222 2777 364 2840 insulae
381 2775 492 2839 ilatio
511 2778 601 2840 mari
616 2777 902 2856 internetionali,
917 2795 958 2840 eo
977 2777 1071 2859 quod
1097 2778 1230 2841 limites

113 2881 258 2946 duorum
294 2889 357 2948 aut
387 2885 542 2966 plurium
572 2883 734 2948 Statuam
769 2887 999 2966 praestituat,
1026 2893 1110 2949 tunc
1143 2886 1228 2948 deli·

117 2990 282 3052 ueabitur
301 2989 397 3053 linea
416 2991 590 3054 divisoria
615 3009 680 3072 per
697 2991 881 3054 dimidium
912 2992 1030 3056 incilis
1057 2992 1227 3070 fluvialis,

118 3099 152 3158 et
166 3097 358 3178 unicuique
377 3095 493 3160 Statui
513 3098 690 3160 tribuetur
707 3115 792 3179 pars
816 3098 852 3160 in
870 3116 935 3160 sua
953 3099 1115 3177 margine
1144 3097 1228 3176 sita;

9 3227 11 3248 i
117 3201 251 3282 quodsi
269 3202 313 3265 de
332 3203 495 3284 pluribus
509 3203 668 3267 Stetibus
698 3205 899 3267 confinibus
932 3211 1074 3284 agatur,
1093 3205 1128 3266 in
1162 3203 1229 3265 boe

9 3319 10 3324 ’
111 3309 286 3388 peculiari
304 3326 391 3373 casu
409 3315 618 3373 exstruetur
638 3311 696 3373 vel
729 3313 848 3392 potius
877 3311 1103 3390 confingatur
1131 3310 1229 3372 linea

9 3445 10 3468 2
114 3415 287 3478 anteriori
302 3417 628 3499 perpendiculariS,
648 3435 741 3500 quae
759 3419 959 3498 portionem
986 3416 1126 3480 insulae
1159 3417 1229 3479 sin-

115 3521 210 3601 gulis
224 3521 431 3584 nationibus
449 3529 713 3603 competentem
732 3528 857 3603 aperte
871 3522 982 3584 liniet.

202 3623 257 3690 2.⁰
305 3625 523 3708 Contingere
541 3629 649 3691 etiarn
668 3635 788 3710 potest
813 3629 857 3692 ob
876 3645 1065 3692 causarum
1084 3635 1229 3690 natura-

118 3733 204 3797 lium
222 3751 452 3812 concursum,
473 3741 510 3796 ut
527 3734 657 3815 aliquis
682 3735 811 3798 fluvius
837 3734 1127 3797 internetionalis
1160 3735 1229 3815 pri·

117 3856 284 3904 maevum
296 3841 440 3904 alveum
456 3839 873 3922 derelinquatetnovum
888 3857 1029 3903 cursum
1044 3845 1228 3921 sequatur;

118 3961 195 4010 eum
215 3953 336 4010 autem
366 3945 435 4010 hoc
466 3947 634 4010 naturale
666 3947 942 4028 phaenomenon
970 3945 1146 4026 evenerit,
1166 3945 1231 4008 Jus

114 4051 401 4118 Internationale
416 4053 523 4118 docet
539 4054 668 4118 adesse
686 4056 932 4118 accessionem
949 4053 1068 4135 quoad
1085 4054 1229 4131 flumen,

115 4179 187 4226 uon
205 4178 295 4225 vero
314 4161 432 4243 quoad
452 4161 686 4242 territorium;
706 4163 859 4244 ideoque
877 4179 1007 4243 agmen
1025 4179 1089 4243 per
1122 4162 1232 4224 aliam

118 4268 305 4350 regionem
320 4267 517 4332 decurrens
533 4268 570 4331 in
583 4269 845 4350 proprietatem
859 4270 944 4332 novi
955 4268 1077 4333 Status
1088 4268 1232 4348 transit,
