3062 4994
815 281 992 338 -118-

344 425 555 507 specialiter
581 423 772 488 intendunt
803 425 863 488 vel
891 423 1141 488 ecclesiastico
1173 422 1371 488 ministerio
1405 427 1472 489 vel
1515 453 1516 468 2

345 531 415 614 piis
428 530 598 612 operibus
616 547 681 611 pro
700 530 855 592 utilitate
868 529 1047 611 spirituali
1062 529 1261 593 societatis.

436 635 598 715 ateana,
618 653 741 700 omnes
759 636 954 717 religiones
972 641 1009 700 et
1025 637 1328 717 congregationes
1345 637 1384 699 in
1403 635 1473 699 Ec·
1515 687 1516 690 ,

346 745 460 808 clesia
488 743 688 822 institutae,
715 743 794 806 sive
823 743 937 806 vitam
970 749 1110 806 tantum
1141 743 1473 825 contemplativam

346 854 531 932 tamquam
549 866 697 930 scopum
716 849 902 930 peculiare
918 849 986 912 sihi
1004 849 1272 930 proposuerint,
1306 850 1389 912 sive
1419 849 1471 911 vi·

346 961 420 1020 tam
438 957 596 1020 activam
617 956 676 1018 vel
692 955 842 1018 mixtam
876 973 941 1037 pro
973 955 1044 1043 fine
1076 956 1228 1036 speciali
1257 954 1471 1032 habuerint,
1515 1007 1516 1016 ,

346 1063 539 1144 plurimum
558 1061 744 1126 contulere
762 1061 798 1125 in
815 1061 946 1126 honum
965 1061 1212 1126 intellectuale
1237 1078 1282 1125 ac
1313 1061 1469 1142 morale,

347 1168 538 1249 spirituale
555 1171 591 1231 et
624 1168 814 1231 materiale
846 1169 1033 1232 societatis
1062 1167 1297 1231 christianae:
1333 1168 1471 1231 etenim
1515 1149 1516 1220 ss

348 1275 494 1339 ordines
510 1273 798 1356 contemplativi,
817 1274 984 1356 quamvis
1013 1272 1119 1338 hodie
1137 1275 1246 1355 pauci
1263 1275 1348 1354 sint,
1385 1275 1470 1338 olim

348 1387 470 1444 tamen
496 1399 665 1463 magnam
684 1380 876 1444 utilitatem
894 1381 1115 1444 christianae
1132 1381 1360 1462 reipublicae
1379 1385 1471 1444 attu-
1515 1369 1516 1442 ἶ

347 1487 480 1568 lerunt,
514 1488 593 1552 sive
611 1487 695 1569 quia
714 1487 748 1550 in
767 1487 819 1552 eis
851 1487 976 1551 fervor
993 1487 1142 1568 spiritus
1159 1493 1196 1550 et
1212 1487 1384 1550 doctrina
1416 1504 1472 1550 ec·
1515 1549 1516 1580 ζ

349 1594 557 1658 clesiastica
572 1602 796 1674 servaretur,
827 1594 921 1658 unde
952 1595 1161 1658 factumest
1179 1601 1218 1657 ut
1246 1611 1292 1658 ex
1310 1595 1472 1676 antiquis

351 1700 536 1763 coenobiis
550 1705 586 1764 et
604 1705 874 1766 assumerentur
892 1703 1017 1784 optimi
1036 1709 1202 1784 pastores
1220 1719 1285 1782 pro
1305 1702 1472 1765 ecclesiis

349 1804 531 1886 regendis,
561 1813 598 1870 et
626 1806 807 1888 praeclari
831 1805 998 1870 doctores
1016 1811 1257 1888 exsurgerent
1285 1808 1332 1871 ad
1351 1807 1470 1871 debel-

349 1910 479 1974 landas
511 1913 693 1994 haeresem
723 1916 802 1979 sive
834 1915 944 1977 otiam
963 1915 1048 1994 quia
1078 1919 1207 1978 vetera
1236 1932 1280 1978 ac
1309 1916 1473 1996 pretiosa
1515 1903 1516 1992 ξ

350 2027 584 2084 monumenta
597 2022 813 2102 sapientiae,
832 2021 1010 2100 culturae,
1026 2021 1202 2084 scientiae
1215 2027 1252 2084 et
1264 2023 1399 2086 artium
1414 2038 1469 2084 no·

351 2123 406 2190 bis
423 2133 672 2190 asseruerunt.
700 2127 736 2190 Si
754 2144 842 2190 vero
873 2126 916 2189 de
934 2124 1285 2208 Congregationibus
1317 2129 1420 2191 vitae
1437 2145 1469 2188 a·
1515 2123 1516 2202 l

351 2232 473 2296 cttvae
489 2249 608 2296 sermo
626 2233 683 2314 sit,
701 2235 836 2297 nemini
854 2234 1017 2315 profecto
1036 2234 1190 2296 inficiari
1220 2239 1283 2298 ant
1300 2235 1473 2314 ignorare
1515 2229 1516 2322 l

353 2337 440 2402 licet
457 2355 519 2402 eas
535 2340 595 2402 vel
625 2339 834 2403 ministeriis
850 2339 1111 2404 ecclesiasticis
1134 2339 1318 2402 assiduam
1348 2357 1471 2403 curam

351 2444 575 2524 impendere,
594 2445 795 2524 cujusmodi
813 2455 896 2509 sunt
913 2445 1036 2509 clerici
1057 2445 1259 2526 regularem
1278 2446 1340 2508 vel
1374 2463 1472 2528 pror·
1515 2437 1516 2530 l

352 2567 412 2612 sus
429 2567 509 2614 esse
526 2555 589 2614 aut
605 2551 716 2614 tuisse
741 2551 880 2614 dicatas
899 2551 1069 2632 operibus
1096 2551 1299 2629 charitatis,
1315 2557 1393 2614 tum
1424 2551 1470 2614 in·

351 2655 570 2720 tellectualis
610 2661 646 2720 et
675 2659 835 2738 moralis,
867 2659 1095 2738 juventutem
1124 2659 1161 2721 in
1188 2659 1322 2722 scholis
1353 2665 1390 2721 ct
1413 2675 1471 2739 gy·

351 2763 500 2826 mnasiis
513 2762 714 2843 educando;
729 2769 802 2828 tum
821 2766 1034 2846 corporalia,
1046 2770 1085 2828 ut
1101 2765 1137 2828 in
1155 2765 1388 2844 nosocomiis;
1402 2770 1471 2828 tum

353 2868 501 2948 mixtae,
517 2870 610 2933 sicut
623 2871 657 2932 in
677 2871 995 2952 orphanotrophiis
1010 2875 1046 2934 et
1060 2871 1141 2934 aliis
1155 2871 1334 2951 hospitiiS,
1351 2873 1388 2935 in
1401 2869 1469 2952 qui·

355 2975 422 3038 bus
439 2975 545 3038 simul
559 2977 757 3040 consulitur
774 2995 884 3041 curae
902 2979 1097 3060 corporali,
1116 2979 1346 3042 instructioni
1373 2977 1469 3042 intel·

354 3081 503 3145 lectuali
521 3089 557 3145 et
584 3083 792 3146 educationi
820 3083 961 3162 morali;
986 3089 1061 3170 tum
1092 3084 1233 3148 demum
1267 3086 1415 3149 socialis
1439 3087 1473 3146 et
1515 3085 1516 3158 l

352 3187 534 3270 publicae,
554 3189 663 3252 etiam
694 3190 804 3254 armis
829 3189 1056 3254 defendendo
1090 3191 1301 3254 societatem
1331 3190 1468 3272 religio·

353 3313 430 3358 sam
449 3303 485 3358 et
503 3295 661 3376 civilem,
680 3297 732 3358 uti
761 3295 845 3360 olim
877 3297 914 3360 iu
940 3296 1127 3360 ordinibus
1144 3297 1365 3362 militaribus
1394 3313 1469 3361 oon·

352 3403 530 3484 tingebat.

443 3508 497 3573 Ex
522 3511 605 3592 jure
623 3509 810 3574 exclusivo
830 3509 1015 3573 Ecclesiae
1033 3509 1178 3574 ordines
1205 3511 1397 3592 religiosos
1413 3526 1470 3590 pu·

353 3613 448 3678 blica
461 3633 504 3679 ao
521 3617 705 3680 socialiter
722 3617 965 3680 constituendi
990 3617 1099 3698 plane
1117 3617 1273 3682 infertur
1290 3627 1470 3698 tamquam
1515 3605 1516 3698 l

352 3720 553 3802 legitimum
580 3724 844 3788 consectarium
862 3723 1042 3804 adipeam
1070 3741 1213 3805 quoque
1231 3729 1400 3806 spectare
1422 3721 1467 3784 fa·
1515 3727 1516 3810 l

353 3829 526 3892 cultatem
544 3829 730 3910 propriam
758 3833 868 3910 atque
884 3830 1041 3892 insitam:
1061 3828 1089 3912 a)
1104 3829 1371 3894 determinandi
1384 3833 1470 3892 aeto·
1515 3829 1516 3906 l

353 3944 419 4000 tem
435 3935 640 3998 vestitionls
668 3941 704 3998 et
732 3935 968 4015 professionis
998 3936 1206 4017 religiosam
1223 3933 1263 4016 b)
1282 3931 1468 4000 deliniendi
1515 3919 1516 4008 l

354 4049 487 4124 tempus
504 4039 729 4122 probationis
758 4057 821 4103 seu
850 4039 1077 4106 durationem
1096 4041 1311 4106 novitiatus:
1325 4049 1338 4080 ⁰
1354 4043 1365 4121 )
1383 4037 1467 4102 adsi·

353 4148 491 4229 gnandi
507 4147 687 4227 religiosis
719 4155 826 4212 vestes
838 4148 1030 4230 speciales,
1060 4165 1155 4231 quae
1173 4149 1318 4231 quidem
1336 4167 1359 4212 a
1376 4143 1470 4212 civili
