3038 4994
426 683 689 790 sacremus
713 723 812 790 vrri.

499 935 746 1002 summimus.

84 1128 127 1179 uc.
143 1131 178 1180 3.·
190 1129 299 1182 Thasie:
314 1126 497 1196 Ptine-ipatus
509 1129 596 1183 citatis
608 1127 795 1184 Romanorum
808 1129 973 1199 Pontificum
993 1131 1023 1184 in
1039 1131 1183 1199 praesenti

134 1198 263 1252 cacata
272 1199 424 1253 conditione
443 1201 610 1254 necessarius
620 1205 661 1254 est
676 1201 833 1268 adplenum
857 1205 884 1254 et
901 1201 1047 1256 evidentem
1061 1202 1179 1257 Sanctae

135 1269 203 1324 Sedis
226 1270 484 1338 libertatem-127.
516 1271 822 1326 Praenotanda.-128.
855 1274 1007 1326 Rationum
1036 1281 1182 1328 momenta

135 1357 200 1407 quae
213 1358 263 1408 pro
276 1343 351 1395 thesi
362 1346 510 1396 enuntiata
521 1343 753 1398 militant-129.
772 1344 979 1398 Testimonium
1003 1346 1181 1399 historicum.

136 1415 223 1466 -130,
240 1413 633 1468 Jusecclesinstieum.-131.
653 1415 761 1468 Sensus
782 1416 1079 1470 traditionalis-132.
1100 1415 1184 1470 Prae·

134 1487 305 1538 sicutissime
318 1487 475 1538 corollaria.

152 1697 224 1762 126.
273 1697 499 1762 Adumbrata
518 1698 659 1781 origine
692 1705 730 1762 et
762 1700 918 1781 probata
949 1699 1182 1781 legitimitate

79 1799 205 1867 dominii
237 1804 451 1886 temporalis
491 1803 648 1869 Sanctae
680 1805 795 1887 Sedis,
830 1807 1122 1872 controversiam
1146 1826 1182 1871 o-

80 1909 192 1974 mnium
203 1910 553 1992 praestantitsimam
563 1929 660 1976 nunc
673 1912 918 1994 aggredimur3
929 1913 1185 1994 inquirendum

79 2015 156 2079 emm
171 2018 284 2099 venit,
303 2021 422 2082 utrum
439 2018 558 2082 civilis
575 2018 819 2083 Romanorum
836 2019 1050 2084 Pontificum
1084 2022 1182 2102 prin-

80 2119 198 2202 cipetus
211 2124 258 2188 sit
274 2140 364 2188 vere
379 2125 608 2188 necessarius
634 2125 681 2189 ad
711 2126 910 2207 plenumst
940 2127 1094 2190 liberum
1111 2145 1175 2190 au-

80 2229 237 2293 ctoritatis
251 2246 510 2311 marceacum,
528 2230 590 2294 vel
603 2248 650 2294 an
663 2229 898 2294 Successores
915 2230 955 2294 B.
970 2229 1068 2295 Petri
1085 2237 1185 2314 pote-

79 2336 189 2399 statem
204 2335 432 2417 spiritualem
446 2339 547 2398 recte
564 2353 738 2401 exercere
752 2337 892 2419 possint
908 2337 1046 2420 absque
1063 2338 1183 2420 politi·

79 2455 112 2500 ec
126 2445 158 2503 et
173 2441 365 2523 temporali
377 2441 544 2524 imperio.

151 2545 225 2630 Age
238 2549 328 2630 jam,
347 2548 482 2612 solutio
494 2547 601 2628 hujus
626 2549 850 2630 quaestionis
867 2550 905 2613 in
923 2553 1094 2632 promptu
1112 2554 1181 2632 est,

17 2691 18 2700 2
79 2652 192 2736 quippe
209 2654 253 2718 de
270 2672 311 2719 re
328 2655 439 2737 plane
456 2660 644 2737 comperta
657 2661 693 2718 et
710 2655 883 2736 explicite
898 2655 1088 2720 declarata
1107 2657 1184 2739 agi-

79 2761 303 2844 tumidaeque
321 2761 366 2825 ab
380 2760 530 2824 exordio
547 2759 797 2840 hujuscemodi
814 2759 1075 2842 disquisitionis
1107 2762 1186 2844 ple·

79 2863 207 2930 sissima
224 2867 456 2931 convictione
473 2869 510 2930 et
526 2865 604 2928 sine
621 2865 696 2928 ulla
713 2864 956 2930 haesitatione
988 2868 1184 2931 asserimus

79 2985 115 3032 ac
125 2973 366 3038 contendimus
383 2971 702 3055 independentiam
715 2971 867 3035 Romani
881 2972 1080 3054 Pantilius,
1097 2991 1183 3055 quo-

78 3075 296 3162 vistempore
312 3078 560 3143 necessariam
584 3076 631 3140 ad
660 3077 862 3142 Ecclesiam
887 3079 995 3159 juxta
1025 3083 1182 3142 mentem

79 3183 244 3252 suidivini
259 3185 480 3250 Fundatoris
498 3183 696 3266 regendam
722 3184 767 3247 ob
791 3184 982 3249 innumera
1008 3201 1101 3266 pene
1133 3185 1186 3247 in-

78 3292 259 3375 commoda,
278 3292 428 3376 quaein
446 3291 623 3356 exercitio
641 3291 833 3373 potestatis
851 3291 1051 3373 spiritualis
1082 3290 1186 3373 sequi

78 3405 207 3474 possent
223 3400 363 3480 exejus
396 3397 623 3479 subjectione
648 3397 820 3478 politicae
849 3396 1035 3478 potestati,
1065 3394 1187 3459 hodie-

78 3498 147 3567 dum
178 3505 408 3588 praesertim‚
441 3509 607 3587 spectato
640 3503 777 3568 actuali
807 3502 994 3568 societatis
1028 3507 1125 3566 statu
1152 3505 1189 3566 et

78 3609 280 3692 conditione,
298 3611 445 3675 omnino
462 3610 649 3692 postulare
665 3610 934 3692 possessionem
952 3609 1071 3674 civilis
1085 3609 1188 3673 Prin·

81 3712 205 3795 cipetus
217 3735 283 3784 seu
301 3733 508 3798 supremum
522 3715 717 3780 dominium
734 3715 950 3797 temporale;
967 3732 1032 3796 pro
1058 3717 1187 3780 nostra

79 3824 261 3889 assertione
273 3821 496 3890 vindicanda
509 3823 729 3887 catholicam
741 3821 946 3886 doctrinam
960 3821 1029 3884 hac
1047 3821 1187 3903 specia-

79 3919 211 3995 lithesi
240 3929 489 3996 enunciamus:
523 3929 751 4012 Principatue
798 3928 917 3992 civilis
951 3928 1189 3992 Romanorum

77 4026 260 4120 Pontificum
272 4035 502 4120 inpraesenti
530 4035 705 4100 societatis
737 4033 932 4099 conditione
970 4035 1188 4098 necessariae

80 4141 122 4198 ert
131 4140 171 4204 od
180 4143 320 4226 plenam
333 4149 366 4207 et
377 4141 567 4207 evidentem
596 4139 744 4206 Sanctae
761 4138 862 4205 Sedis
891 4140 1097 4205 libertatem.
1119 4139 1189 4204 Ve-

80 4238 207 4312 ritatem
222 4247 328 4330 hujus
346 4246 605 4330 propositionis
622 4247 764 4310 ratione
780 4245 954 4328 naturali,
981 4245 1190 4310 testimonio
