3038 4994
789 381 968 439 -214-

317 523 441 588 evolvi
459 523 591 604 coepit,
610 523 700 587 nihil
716 521 760 587 de
779 523 848 588 hac
880 525 1136 607 praepotentia
1164 525 1313 608 politica
1346 526 1456 608 cogi*

317 615 478 692 tentibus
492 633 554 693 aut
571 629 840 712 suspicantibus
857 631 992 694 Romae
1011 631 1213 714 ElpIscopiS,
1228 632 1336 695 immo
1351 647 1457 696 vero
1513 623 1514 680 i

318 739 355 798 et
367 737 614 817 renuentibus,
634 736 728 800 unde
744 743 844 801 recte
857 739 973 802 asseri
991 741 1111 819 potest
1139 739 1316 820 singulari
1333 755 1452 804 even·
1513 719 1514 780 l

317 849 417 906 tuum
434 859 612 906 concursu
629 859 674 906 ac
691 844 950 924 providentiali
969 845 1206 909 humanarum
1224 845 1451 910 vicissitudi·
1513 893 1514 906 ,

317 949 644 1012 numordinatione
661 949 797 1014 iactum
815 967 907 1031 esse,
938 957 975 1014 ut
1000 951 1150 1014 Romani
1178 951 1372 1016 Praesules
1391 969 1455 1014 re·
1513 941 1514 1032 j

317 1071 395 1117 rum
414 1056 629 1136 potirentur.
1513 1109 1514 1122 ,

407 1159 452 1223 Et
468 1179 568 1242 sane,
588 1163 689 1244 origo
723 1167 832 1245 atque
850 1163 1010 1228 evolutio
1037 1163 1290 1228 dominationis
1306 1169 1449 1245 tempo·

317 1267 405 1331 ralis
424 1269 636 1334 Pontificum
652 1270 836 1334 assecula
855 1270 905 1334 IV
933 1271 1134 1353 repetenda
1160 1277 1226 1350 est,
1246 1289 1329 1353 quo,
1352 1287 1453 1352 pace

318 1390 384 1454 per
401 1373 677 1440 Constantinum
692 1377 881 1442 Ecclesiae
899 1377 1052 1457 reddita,
1068 1379 1227 1459 ipsorum
1241 1379 1453 1441 auctoritas
1513 1373 1514 1464 l

317 1481 444 1564 incipit
473 1501 654 1566 apparere
672 1501 715 1547 ac
734 1485 962 1548 manifestari
995 1484 1040 1547 ob
1059 1484 1224 1565 ingentes
1241 1481 1394 1546 divitias
1412 1485 1453 1543 et
1513 1467 1514 1532 l

317 1605 450 1670 magna
468 1589 656 1655 Ecclesiae
669 1591 854 1655 Romanae
884 1590 1116 1672 patrimonica,
1137 1589 1334 1670 praecipue
1353 1603 1453 1651 vero
1513 1611 1514 1702 3

316 1699 667 1778 proptercopi0sam
683 1689 894 1762 Pontificum
914 1697 1123 1778 largitatem
1152 1697 1188 1759 in
1220 1695 1451 1777 pauperibus
1513 1707 1514 1792 3

316 1807 353 1864 et
369 1804 493 1882 egenis
511 1821 557 1867 ex
576 1804 711 1868 dissitis
746 1806 855 1868 etiam
887 1804 1096 1886 regionibus
1121 1801 1373 1882 sublevandis3
1400 1803 1451 1865 ab
1513 1801 1514 1852 l

316 1914 438 1974 aetate
462 1909 691 1975 Constantini
726 1929 838 1994 usque
871 1911 917 1976 ad
947 1911 1133 1975 saeculum
1150 1909 1237 1974 VIII
1264 1909 1450 1990 ejusmodi

315 2021 476 2097 potestas
495 2019 705 2100 temporalis
743 2017 905 2100 qnotidie
923 2019 1067 2097 crescit,
1103 2021 1140 2080 et
1173 2015 1376 2097 majoribus
1395 2016 1446 2079 in·

316 2125 528 2204 gruentibus
561 2125 715 2206 publicis
748 2125 852 2188 malis
894 2131 1004 2207 atque
1037 2129 1189 2205 urgente
1221 2123 1451 2186 necessitate

318 2230 480 2294 ordinem
500 2232 674 2296 socialem
688 2232 812 2296 tuendi
841 2236 877 2295 et
907 2249 1030 2296 curam
1045 2231 1261 2313 populorum
1278 2229 1451 2312 gerendi,

317 2336 377 2418 qui
391 2341 541 2418 propter
557 2339 767 2420 frequentes
784 2337 1030 2401 Barbarorum
1054 2336 1264 2402 invasIoncs
1283 2335 1452 2416 undique

317 2443 586 2526 affligebantur,
608 2443 723 2526 magis
742 2462 786 2508 ao
803 2445 918 2529 magle
936 2445 1155 2525 explicatur,
1182 2441 1393 2506 extenditur
1411 2450 1453 2506 et

316 2550 522 2630 roboratur;
542 2551 683 2616 demum
703 2557 870 2615 cessante
900 2549 1124 2615 Graecorum
1142 2549 1391 2614 dominatione
1409 2551 1447 2613 in

316 2673 487 2720 romanas
504 2657 685 2739 regiones,
703 2665 739 2722 et
757 2675 887 2722 everso
905 2657 1229 2740 Langobardorum
1245 2675 1360 2739 regno
1379 2677 1449 2740 per

317 2761 438 2843 Pipini
453 2768 489 2826 et
505 2761 626 2828 Caroli
643 2765 765 2846 Magni
783 2783 897 2846 arma,
916 2771 1002 2829 tuuc
1021 2767 1175 2846 primum
1193 2765 1314 2847 coepit
1333 2783 1449 2830 verus
1513 2793 1514 2868 3

316 2868 558 2933 Romanorum
574 2869 786 2936 Pontilicum
816 2872 934 2936 civilis
967 2872 1209 2956 PrIncipatus,
1243 2873 1304 2954 qul
1337 2873 1450 2937 novis
1513 2871 1514 2948 l

316 2991 460 3056 semper
474 2977 742 3040 accessionibus
776 2981 916 3060 auctus,
939 2979 1082 3042 utalias
1100 2978 1443 3058 animadvertimus,

1513 3191 1514 3248 l

1513 3297 1514 3330 l

1513 3355 1514 3408 l

1513 3423 1514 3458 l

317 3081 478 3144 firmatus
492 3085 547 3146 est
560 3083 709 3146 saeculo
723 3083 810 3147 VIII
824 3084 1019 3163 mediante,
1037 3091 1147 3170 atque
1161 3083 1312 3148 adhaec
1330 3101 1448 3167 usque

316 3191 482 3268 tempora
500 3190 765 3269 perseveravit.

405 3292 470 3356 HIs
483 3293 615 3359 leviter
628 3295 840 3376 praejactis,
859 3293 1061 3360 meridiana
1074 3295 1155 3360 luce
1168 3299 1270 3377 patet
1287 3295 1391 3360 nulla
1407 3294 1446 3358 vi

317 3403 380 3462 aut
397 3399 585 3481 violentia,
603 3401 706 3464 nulla
737 3402 984 3482 usurpatione,
1005 3401 1268 3483 perduellione,
1297 3408 1363 3466 aut
1380 3402 1445 3465 ali·

317 3521 387 3586 quo
405 3504 593 3582 illegitimo
612 3506 729 3570 medio
748 3505 928 3571 Romanos
946 3507 1139 3573 Praesules
1153 3507 1306 3590 adeptos
1325 3508 1444 3590 politi·
1513 3527 1514 3582 l

317 3616 647 3692 eampotestatem,
683 3612 747 3676 sed
780 3614 969 3695 paulatIm,
1004 3617 1138 3679 sensim
1166 3615 1245 3678 sine
1277 3631 1388 3678 sensu
1409 3619 1448 3677 et

316 3715 464 3797 publica
495 3717 714 3781 necessitate
744 3719 905 3799 adactos,
939 3737 1080 3783 necnon
1123 3721 1362 3802 reluctantes,
1397 3719 1444 3783 ad

315 3821 455 3902 regiam
472 3821 685 3904 dIguitatem
704 3833 740 3888 ct
758 3825 900 3890 culmen
918 3827 1037 3890 civilis
1055 3828 1198 3909 imperii
1215 3829 1445 3909 pervenisse,

315 3927 460 4009 populis
474 3928 567 3992 ultro
582 3945 663 3993 sese
676 3947 800 3994 eorum
815 3932 942 3996 ditioni
956 3951 999 3997 ac
1012 3933 1149 3998 tutelae
1162 3933 1444 4016 subjicientibus

316 4033 353 4096 in
371 4033 435 4095 illa
462 4051 597 4116 magna
629 4036 852 4120 calamitate,
888 4056 982 4121 quae
1014 4041 1163 4106 crebras
1194 4039 1442 4106 Barbarorum

316 4137 541 4240 inc-rusinaes
555 4141 778 4223 subsequuta
796 4147 852 4206 est
866 4143 928 4228 (l).

389 4311 428 4379 (1)
463 4313 602 4380 Apposlte
620 4315 657 4369 ad
676 4330 735 4370 rem
756 4315 797 4371 ait
821 4321 951 4386 egregius
969 4318 1072 4373 Comes
1094 4319 1243 4375 Malatrius
1256 4324 1285 4376 in
1297 4321 1446 4390 praeclaro
