3058 4994
581 382 699 440 -453
722 413 759 426 -

120 523 196 588 nale
219 524 384 608 nuperius
400 541 492 590 vera
509 529 691 607 potestate
713 526 929 590 instructum
947 523 1108 608 videndi,
1138 523 1232 608 judi·

117 631 215 696 candi
233 635 345 715 atque
360 631 509 696 finiendi
526 637 669 698 mutuas
685 633 846 716 gentium
861 633 1127 698 contentiones.

196 740 356 805 matoria
372 740 522 823 insuper
540 745 687 806 nostrae
704 741 899 806 assertioni
916 742 1025 824 plane
1050 741 1229 822 suffraga-

116 850 181 928 tnr3
213 847 348 912 etenim
381 864 496 930 prope
524 847 714 912 innumera
751 848 921 930 exempla
955 849 1061 930 hujus
1086 847 1231 930 generis

116 950 282 1017 (loetuum
297 953 429 1018 adduci
442 961 601 1036 possent,
618 955 680 1018 ubi
696 954 893 1019 concordia
911 955 1072 1037 gentium
1087 954 1231 1018 firmata

114 1063 178 1146 est,
199 1061 440 1142 gravissimae
458 1061 734 1125 controversiae
751 1061 905 1142 solutes,
925 1069 1054 1126 vetera
1083 1059 1233 1126 dissidia

112 1168 323 1250 composita,
359 1167 1076 1232 5665655655611661661561611515616
1095 1167 1155 1231 vel
1180 1167 1232 1232 11·

114 1279 189 1338 1616
201 1275 316 1338 fuere.
336 1272 550 1356 Speciminls
564 1273 684 1355 gratia
698 1273 787 1338 satis
805 1275 852 1338 sit
880 1275 1031 1338 innuere
1057 1271 1232 1356 Congres-

111 1397 172 1444 sus
187 1377 482 1445 Westfalieusem
506 1380 634 1464 (1648),
665 1379 893 1461 Pyrenaeum
923 1379 1051 1462 (1659),
1077 1379 1231 1461 Ultraje·

111 1489 270 1552 ctensem
304 1485 431 1568 (1713),
468 1485 800 1570 Aquisgranensem
832 1485 959 1570 (1748),
991 1485 1233 1550 Parisiensem

109 1593 223 1674 (1856)
242 1599 278 1658 61
294 1593 568 1658 Berolinensem
586 1593 714 1674 (1878),
732 1609 882 1676 quorum
902 1609 1015 1674 opera
1031 1593 1139 1656 finem
1171 1591 1233 1656 ha·

112 1697 267 1763 buerunt
299 1701 507 1781 respective
534 1699 632 1764 bella
661 1701 814 1782 triginta
831 1717 1020 1782 annorum,
1054 1697 1234 1780 Hispano·

110 1803 292 1870 Gallicum
311 1806 378 1872 sub
395 1805 563 1888 Philippo
582 1805 632 1870 IV
648 1813 685 1870 61
701 1805 888 1871 Ludovico
905 1805 1003 1888 XIV,
1036 1805 1232 1870 successio·

112 1912 167 1976 nis
197 1911 365 1977 Coronae
395 1911 595 1994 Hispaniae
628 1912 694 1976 sub
724 1911 891 1995 Philippo
920 1911 951 1978 V
985 1929 1030 1978 ex
1065 1912 1235 1994 dynastia

109 2020 328 2103 Borbonica,
360 2019 582 2085 succesionis
600 2019 744 2085 Throno
762 2022 954 2086 Austriaoo
981 2027 1145 2102 tempore
1161 2001 1232 2084 ua?

111 2129 188 2194 riae
205 2129 417 2210 Theresiae,
450 2125 615 2192 Crimeae
635 2132 745 2210 atque
773 2127 1109 2206 Russo·Turcieum;
1145 2123 1234 2190 Con·

110 2253 257 2317 gressus
276 2237 387 2300 etiam
416 2235 658 2299 Viennensem
690 2235 804 2318 (1815)
832 2253 897 2317 pro
931 2233 1235 2298 reconstituendis

109 2341 272 2407 Statibus
297 2341 475 2424 Europeis
494 2359 691 2424 eorumque
720 2341 925 2405 Monarchis
944 2339 1110 2404 dominiis
1135 2357 1235 2404 usur·

112 2449 206 2530 patis
223 2447 432 2528 reddendis,
452 2447 784 2530 Aquisgranensem
803 2447 917 2530 (1818)
936 2465 1001 2528 pro
1020 2446 1236 2529 pentarcbia

109 2573 174 2620 seu
193 2557 459 2638 gubernatione
493 2556 652 2638 quinque
682 2553 851 2636 Europae
880 2555 1067 2618 nationum
1093 2553 1236 2636 procla-

112 2663 255 2744 manda,
272 2661 519 2726 Veronensem
551 2661 665 2746 (1820)
684 2679 749 2744 pro
769 2659 980 2744 deroganda
1004 2658 1236 2725 Constitutio-

111 2787 156 2834 ne
173 2769 376 2851 Hispanica
392 2770 478 2832 anni
499 2767 597 2850 1820,
616 2768 858 2833 Parisiensem
887 2768 962 2849 jam
997 2775 1235 2832 memoratum

112 2893 178 2958 pro
202 2875 438 2958 agnoscenda
471 2875 755 2957 independentia
787 2875 979 2957 Turcbiae,
1014 2875 1237 2940 declaranda

111 2983 285 3048 libertate
301 2983 440 3047 fluviali
457 2981 616 3046 Danubii
635 2989 671 3046 et
688 2981 792 3047 Ponti
806 2981 938 3047 Euxini
968 2991 1076 3065 atque
1105 2981 1237 3047 Codice

113 3091 295 3156 maritimo
314 3089 516 3172 condendo,
537 3109 581 3154 ac
598 3089 871 3155 Berolinensem
890 3091 1004 3174 (1878)
1029 3092 1237 3172 nuperrime

112 3199 301 3263 laudatum
320 3216 385 3280 pro
404 3198 597 3262 statuenda
614 3199 838 3280 suprematia
856 3198 1127 3278 Principatuum
1159 3197 1237 3262 Ser-

113 3307 212 3384 viae,
231 3305 457 3369 Rhumaniae
475 3322 519 3368 ao
537 3303 798 3386 Montis-Nigri,
818 3307 1108 3387 gravissimaque
1127 3323 1236 3388 quae-

112 3415 233 3477 stione
253 3409 411 3477 Orientis
429 3411 692 3493 componenda;
712 3411 866 3494 deniqne
895 3409 1116 3476 Collationes
1144 3411 1236 3475 Lon·

115 3519 302 3584 dinensem
321 3517 436 3599 (1831)
455 3517 501 3580 65
518 3517 779 3598 sejungendum
793 3517 955 3599 Belgium
970 3517 1015 3581 ab
1029 3517 1237 3600 Hollandia,

114 3625 353 3692 Genevenses
371 3623 485 3706 (1864)
504 3631 540 3688 61
558 3625 672 3707 (1868)
703 3624 749 3689 65
766 3624 942 3689 edendam
979 3623 1239 3691 Consentiorum

114 3739 226 3818 atque
244 3731 518 3797 acclamandum
544 3733 581 3796 in
609 3749 696 3796 casu
728 3732 815 3796 belli
848 3732 1131 3813 neutralitatem,
1164 3735 1239 3796 tum

114 3839 236 3922 quoad
254 3840 386 3902 milites
404 3839 528 3903 morbo
551 3843 614 3902 aut
628 3839 779 3902 vulnere
792 3838 1015 3920 laborantes,
1032 3845 1105 3900 tum
1120 3836 1240 3920 quoad

116 3965 293 4028 personas
307 3953 369 4010 aut
385 3945 504 4010 16665
522 3945 784 4010 institutionem
813 3947 1027 4010 ambulantia
1056 3961 1241 4026 nuncupa-

115 4057 191 4118 tam
207 4058 429 4136 spectantes,
448 4051 690 4117 Parisiensem
708 4051 824 4136 (1869)
842 4051 888 4116 65
901 4051 1114 4116 6611655615
1129 4067 1238 4133 quae·

117 4157 650 4240 61165615616666-751616615,
679 4175 723 4222 ao
753 4163 936 4241 postremo
965 4157 1238 4222 Berolinensem

119 4265 234 4346 (1885)
252 4265 298 4330 65
313 4265 519 4330 libertatem
535 4265 749 4330 fluviatilem
766 4263 877 4347 Niger
895 4269 931 4330 et
948 4263 1071 4347 Oongo
1089 4265 1126 4328 in
1143 4263 1239 4328 Airi-
