3028 4992
803 375 982 434 -338-

330 527 389 588 tur
407 522 452 587 ad
470 521 701 605 quaestiones
734 519 955 584 dirimendas
974 523 1011 583 et
1042 517 1230 582 conflictus
1244 516 1451 596 solvendos;

329 629 530 710 praecipua
563 627 713 692 foedera
753 626 900 709 publica
931 626 1144 690 recensione
1174 623 1295 705 digna,
1333 628 1453 705 utpote

331 735 508 816 originem
528 734 691 816 epochae
724 732 988 796 determinatae
1005 731 1234 812 praebentia,
1254 735 1338 793 sunt
1351 733 1450 792 baec:

329 841 586 906 Westialiense
619 839 745 920 (1648),
790 839 1060 920 UltraJectense
1092 836 1218 920 (1713),
1252 835 1452 900 Viennense

331 949 459 1028 (1816),
475 946 679 1011 Parisiense
693 945 806 1027 (1856)
826 954 935 1027 atque
950 945 1185 1008 Berolinense
1204 943 1333 1025 (1878).
1501 957 1502 1030 i

419 1053 702 1134 Legislationem
719 1052 867 1133 insuper
885 1053 979 1114 16161
995 1051 1113 1114 166166
1147 1049 1447 1126 enumeravimus

330 1161 497 1243 quamvis
511 1160 606 1223 euim
621 1177 711 1222 vera
728 1166 764 1222 et
777 1159 958 1239 completa
973 1158 1155 1238 legislatio
1172 1175 1245 1220 non
1262 1156 1448 1233 habeatur,

330 1264 706 1348 quianondumadest
735 1265 892 1328 societas
924 1266 1071 1346 proprie
1105 1263 1355 1342 ethnarchioa,
1390 1278 1450 1324 nec
1501 1253 1502 1300 1

330 1373 488 1436 tribunal
506 1389 712 1453 supremum
731 1372 948 1436 auctoritate
965 1373 1065 1452 leges
1099 1370 1323 1452 exsequendi
1352 1385 1448 1450 prae·

330 1481 456 1560 ditum,
471 1497 589 1561 neque
613 1480 728 1542 codex
745 1479 1052 1558 internationalis;
1074 1483 1234 1541 attamen
1264 1475 1448 1539 admittere

330 1604 480 1650 necesse
498 1597 552 1648 est
567 1585 742 1667 quasdam
760 1585 1015 1667 dispositiones
1029 1592 1139 1667 atque
1153 1589 1292 1647 statuta
1310 1587 1449 1646 exstare

330 1693 461 1755 indolis
476 1693 719 1773 legislativae,
735 1693 868 1773 quippe
885 1693 1083 1774 pleraeque
1099 1691 1265 1754 nationes
1296 1691 1334 1752 in
1367 1687 1448 1752 Con-

331 1798 515 1878 gressibus
533 1815 576 1860 ac
594 1796 855 1861 collationibus
873 1816 984 1878 saepe
1009 1806 1160 1860 coactae
1179 1814 1244 1878 pro
1262 1794 1446 1858 discutien-

331 1905 385 1968 dis
399 1911 435 1968 et
451 1905 659 1968 dirimendis
673 1905 945 1987 quaestionibus
962 1905 1191 1968 diversarum
1220 1903 1382 1985 gentium
1405 1901 1448 1963 le-

330 2030 394 2092 ges
412 2013 572 2075 tulerunt
589 2019 737 2074 cunctos
755 2009 877 2074 Status
892 2019 930 2074 ut
949 2011 1142 2092 plurimum
1171 2017 1358 2090 cogentes:
1388 2007 1445 2084 sio,

331 2137 389 2181 ex.
405 2136 459 2200 gr.
479 2119 514 2182 in
533 2116 736 2198 Congressu
755 2117 951 2181 Viennensi
971 2117 1167 2180 6111161816
1185 2115 1308 2179 habito
1345 2113 1447 2178 aboli-

330 2235 404 2289 tum
422 2231 476 2288 est
492 2223 707 2304 nigritarum
734 2224 989 2286 commercium
1007 2230 1043 2286 et
1060 2223 1288 2304 proclamata
1319 2221 1386 2284 luit
1411 2219 1446 2282 li·

330 2330 420 2394 bera
437 2329 623 2410 navigatio
637 2329 806 2410 fluvialis,
827 2315 1019 2391 necnon'in
1037 2327 1242 2408 Congressu
1259 2323 1447 2390 Parisiensi

331 2455 427 2500 anno
446 2437 532 2500 1856
563 2436 842 2500 6616616161616
876 2437 1036 2500 66611166
1069 2443 1125 2499 661
1157 2434 1304 2518 quidam
1335 2432 1448 2498 (lodex

330 2543 544 2607 maritimus.

419 2649 439 2712 J
445 2648 712 2730 urisprudentia
728 2649 838 2712 611616
857 2653 1041 2731 tamquam
1055 2649 1137 2712 fons
1168 2647 1190 2712 J
1195 2649 1266 2712 uris
1293 2648 1446 2712 Interna-

331 2755 477 2817 tionalis
495 2755 621 2818 haberi
636 2761 808 2836 meretur,
828 2757 913 2837 quia
931 2755 1109 2819 interdum
1129 2755 1287 2818 existere
1305 2757 1447 2836 possunt

330 2861 572 2924 resolutiones
587 2879 608 2924 a
625 2861 814 2925 Tribunali
831 2861 1016 2944 Superiori
1033 2862 1145 2942 latae;
1166 2867 1203 2924 61
1217 2877 1306 2924 6666
1340 2856 1447 2942 quoad

330 2967 352 3031 J
357 2985 396 3030 us
412 2967 700 3031 Internationale
717 2968 951 3049 agnoscenda
979 2973 1034 3032 est
1059 2969 1182 3050 aliqua
1208 2965 1446 3049 jurispruden-

331 3075 396 3156 tia,
415 3073 502 3138 licet
520 3074 652 3156 exigua
669 3083 705 3138 et
722 3075 831 3138 valde
850 3075 1034 3156 (1611616116,
1066 3073 1322 3138 Tribunalibus
1354 3071 1445 3137 Arbi-
1501 3105 1502 3132 1

331 3180 484 3244 tralibus
522 3180 660 3261 innixa,
695 3199 788 3262 quae
825 3200 890 3264 per
924 3193 1047 3264 partes
1077 3199 1141 3246 seu
1172 3182 1339 3246 nationes
1370 3177 1445 3259 eligi

331 3287 540 3368 valentpro
560 3296 662 3350 16616
689 3287 876 3352 foederum
910 3289 1168 3371 applicatione,
1202 3289 1366 3371 legitima
1391 3303 1444 3368 pa·

332 3393 491 3456 ctionum
503 3395 807 3474 interpretatione
824 3395 883 3458 vel
903 3413 1019 3476 aequa
1038 3394 1267 3458 dissidiorum
1281 3390 1444 3474 composi·

331 3499 442 3580 tione,
458 3507 494 3564 et
509 3517 660 3581 quorum
677 3501 886 3564 sententiae
904 3519 926 3563 a
939 3499 1098 3564 Statibus
1123 3500 1340 3564 arbitratum
1356 3500 1443 3562 invo·
1501 3553 1502 3588 ,

332 3607 511 3684 cantibus,
524 3607 633 3670 etiam
648 3607 685 3670 vi
701 3607 877 3688 adhibita,
893 3608 1044 3690 exsequi
1058 3607 1202 3671 debent:
1219 3605 1444 3671 celeberrima
1501 3591 1502 3596 ’

331 3712 399 3775 11111
412 3712 545 3776 decisio
562 3712 746 3777 arbitralis
761 3731 857 3777 anno
875 3713 959 3777 1871
974 3731 1039 3796 per
1053 3713 1228 3778 Tribunal
1241 3711 1444 3778 Genevcnse

331 3821 408 3884 lata
425 3818 471 3882 ad
488 3817 682 3883 finiendam
700 3819 951 3901 quaestionem
964 3821 1060 3885 inter
1078 3820 1247 3902 Angliam
1266 3825 1302 3885 et
1333 3820 1443 3886 Status

331 3927 554 3993 Foederatos
570 3927 762 3992 Americae
780 3929 944 3992 obortam
961 3930 1154 3993 occasione
1171 3929 1310 4012 navigii
1323 3928 1442 3994 Alaba-

331 4052 391 4098 ma
408 4033 495 4098 dieti
512 4039 548 4098 et
566 4034 774 4099 violationis
794 4035 1040 4100 neutralitatis
1058 4053 1104 4100 ex
1121 4039 1226 4118 parte
1243 4036 1394 4118 Angliae
1409 4031 1440 4094 in

330 4138 428 4203 bello
468 4140 684 4204 secessionis
721 4141 817 4204 inter
852 4139 973 4206 Status
1005 4140 1318 4224 Septentrioneles
1347 4147 1443 4223 atquc

331 4245 533 4342 Australes.
