3058 4994
707 369 885 428 -ttc-

319 513 379 579 Sin
414 531 503 579 vero
538 529 598 578 res
621 513 779 600 juridice
811 517 1008 594 spectetur,
1042 517 1116 578 tres
1147 513 1353 578 sententiae

230 620 327 704 apud
344 622 442 686 Juris
467 621 627 702 gentium
655 619 835 688 studiosos
860 620 1103 684 discriminari
1121 626 1267 703 queunt:
1288 619 1354 684 alii

230 745 312 792 oum
330 726 455 792 Grotio
474 731 599 790 rentur
626 726 763 792 licitam
792 743 872 790 esse
903 725 1231 808 apprehensionem
1249 743 1354 792 occu·

230 836 487 916 pationcmque
505 833 741 916 proprietatis
761 834 929 914 privatae
954 833 991 896 in
1020 838 1174 915 utroque
1192 834 1298 914 bello,
1317 831 1356 896 id

231 947 298 1022 est,
328 941 465 1004 tamin
493 940 585 1004 mari
612 957 719 1022 quam
748 939 784 1002 in
812 945 924 1018 terra;
955 939 1018 1002 alii
1049 947 1170 1004 eutem
1200 941 1355 1021 vestigia

232 1047 375 1112 Heiiter
390 1047 451 1130 (1),
470 1046 634 1110 Lorimer
651 1046 712 1128 (2),
732 1045 891 1108 Martens
925 1047 972 1128 (3)
991 1053 1027 1110 et
1044 1043 1195 1112 Ortolan
1212 1047 1258 1130 (4)
1276 1063 1356 1128 pre-

233 1159 372 1218 mentes
396 1159 587 1234 ceptorem
613 1152 848 1234 proprietatis
867 1153 1037 1233 privatae
1053 1153 1090 1216 in
1120 1153 1215 1216 bello
1244 1160 1357 1216 terre-

232 1261 298 1326 stri
327 1260 496 1342 rejiciunt
523 1275 589 1324 ceu
622 1275 748 1322 verum
774 1259 1018 1340 latrocinium,
1037 1257 1101 1324 sed
1126 1261 1186 1339 jus
1204 1259 1357 1339 praeda·

233 1385 312 1432 rum
341 1366 532 1430 adstruunt
560 1369 671 1446 utque
699 1373 933 1446 propugnant
949 1365 1071 1447 quoad
1095 1365 1359 1447 proprietatem

233 1473 423 1554 pacificam
452 1473 489 1536 in
505 1471 602 1536 bello
627 1472 765 1534 navali:
786 1472 911 1552 plures
929 1489 1017 1536 vero
1047 1473 1245 1554 scriptores
1261 1472 1359 1554 prin·

233 1579 338 1662 cipiis
361 1580 459 1643 luris
487 1579 672 1644 Naturalis
701 1579 817 1642 fulciti
835 1579 970 1642 rectius
1000 1579 1132 1644 docent
1159 1585 1269 1661 atque
1298 1579 1359 1643 de·

235 1687 386 1750 tendunt
406 1699 479 1750 tam
508 1687 736 1768 illegitimum
753 1691 790 1748 et
807 1687 945 1750 notioni
956 1687 1121 1767 justitiae
1150 1703 1361 1767 repugnans

235 1810 315 1858 esse
342 1794 603 1875 proprietatem
630 1793 813 1874 privatam
835 1792 973 1858 violare
991 1794 1028 1857 in
1058 1793 1154 1858 ballo
1172 1794 1362 1856 continen-

234 1899 312 1979 tali,
332 1899 427 1962 bona
455 1899 653 1962 immobilia
670 1898 898 1962 subditorum
918 1899 1109 1964 inermium
1128 1899 1305 1981 capIendo
1323 1904 1364 1962 et

234 2005 303 2070 sibi
327 2005 546 2086 arrogando,
567 2023 675 2088 quam
701 2005 963 2086 proprietatem
994 2007 1178 2088 privatam
1208 2005 1244 2070 in
1262 2005 1362 2070 bello

236 2113 415 2176 maritimo
440 2113 628 2194 impetere,
647 2128 762 2176 naves
788 2113 1025 2176 mercatrices
1053 2113 1188 2176 civium
1205 2113 1365 2176 inciten-

235 2237 356 2284 scrum
385 2219 666 2301 earumdemque
697 2236 786 2282 onus
814 2218 1048 2300 subripiendo
1079 2224 1116 2282 et
1147 2219 1216 2282 sibi
1244 2217 1363 2283 vindi-

236 2326 365 2390 cando.

325 2432 369 2496 Et
386 2449 486 2514 sans,
506 2429 680 2516 quidquid
697 2431 766 2496 hac
783 2431 827 2494 de
845 2449 885 2495 re
903 2431 1081 2496 effutierit
1096 2428 1249 2495 Ortolan
1266 2430 1362 2511 eJns-

237 2559 307 2623 que
332 2542 509 2622 asseclae,
528 2540 709 2622 principia
733 2539 918 2604 naturalia
948 2555 1092 2620 seraper
1109 2538 1237 2604 eadem
1264 2543 1363 2616 sunt,

237 2653 348 2730 atque
362 2655 539 2730 perpetua
552 2647 736 2728 firmitate,
757 2655 909 2712 aeterna
926 2647 1220 2712 immutabilitate
1238 2653 1274 2712 et
1287 2663 1364 2710 om·

237 2753 382 2818 nimoda
412 2754 689 2818 universalitate
718 2748 891 2834 gaud'ent3
912 2754 1089 2836 injustitia
1116 2755 1253 2835 jugiter
1270 2753 1365 2834 inju-

237 2861 338 2925 stitia
355 2862 436 2940 erit,
457 2867 493 2924 ct
509 2878 692 2943 nunquam
709 2861 746 2924 in
763 2878 838 2924 rem
851 2863 986 2942 justam
1002 2861 1096 2926 verti
1114 2859 1248 2941 poterit
1264 2859 1368 2942 quod

238 2968 283 3032 de
301 2985 339 3030 se
356 2968 529 3047 injustum
547 2975 613 3032 est.
641 2967 675 3034 Si
693 2969 803 3050 igitur
828 2968 976 3032 diffiteri
999 2973 1063 3032 aut
1082 2967 1276 3032 vulnerare
1301 2965 1369 3047 jus

239 3074 474 3156 proprietatis
507 3075 622 3138 relate
656 3073 702 3138 ad
731 3075 830 3138 cives
864 3073 1036 3155 pacificos
1070 3072 1193 3137 Status
1226 3071 1368 3136 inimici

239 3179 402 3244 subditos
427 3180 582 3244 habetur
600 3187 636 3244 et
658 3185 861 3262 reputatur,
880 3179 1078 3244 secundum
1095 3185 1234 3244 rectam
1252 3179 1368 3244 ratio-

239 3306 322 3352 nem
348 3295 384 3352 et
401 3289 607 3352 naturalem
631 3275 869 3368 aequitatem,
889 3287 1004 3350 veluti
1022 3303 1081 3350 res
1099 3286 1228 3351 illicita
1246 3291 1282 3350 et
1297 3287 1368 3350 ini-

185 3483 187 3487 ·
239 3413 324 3480 qua,
351 3395 431 3477 pari
459 3395 563 3460 modo
592 3394 747 3458 inficiari
775 3399 838 3457 aut
865 3393 1013 3458 laedere
1037 3395 1097 3474 Jus
1128 3395 1370 3476 proprietatis

241 3605 427 3616 ——---.—..-

311 3779 347 3840 (l)
383 3773 503 3829 Dcreciro
522 3774 721 3828 iraterrmcioucl
730 3774 839 3842 paetico
852 3775 884 3828 <lc
897 3772 1020 3844 Europa.
1034 3775 1208 3831 Traduccion
1223 3777 1259 3830 ds
1272 3775 1306 3828 G.
1322 3776 1370 3828 Li·

240 3849 363 3913 carrega
381 3847 501 3908 Madrid,
519 3847 595 3900 1876.

312 3923 349 3986 (2)
384 3918 541 3985 Principioa
556 3917 588 3970 cic
607 3915 728 3970 nerem>
750 3917 960 3984 iuicmocicnul,
973 3919 1137 3973 traducidos
1159 3919 1185 3971 al
1210 3918 1324 3970 trunces
1346 3935 1368 3985 y

241 3991 424 4078 extractados
447 4007 498 4057 por
518 3991 548 4043 E.
569 3990 637 4056 Nys.
658 3989 780 4042 Versibn
799 3991 956 4044 castellana
976 3991 1012 4044 de
1031 3991 1124 4058 Lopez
1144 3990 1286 4043 Ooterilla.
1306 3989 1368 4042 Ma-

242 4063 481 4198 drldlssltflsslroiti
499 4131 531 4186 cle
544 4129 630 4186 Drcit
650 4131 855 4201 internatioaal,
875 4133 983 4188 traduit
1001 4133 1040 4186 dn
1058 4146 1141 4185 russe
1161 4147 1212 4200 par
1230 4131 1296 4186 Leo.
1317 4131 1370 4183 Pa·

241 4206 565 4345 1ἤι’1184ἳ30111111ιο3μ>η1
579 4273 730 4343 d'ocqucrir
743 4273 767 4328 lc
779 4273 904 4328 domnine
915 4245 1222 4343 intervenientibus,
1236 4275 1312 4327 rscl.
1393 4281 1396 4286 '
