3038 4994
790 345 970 404 —192-

316 488 465 554 donatio
483 489 588 554 titulo
606 489 767 572 gratioso
789 488 937 572 largita,
952 487 1017 554 sed
1047 493 1233 572 tamquam
1264 489 1448 572 obligatio

316 611 407 659 vere
420 601 457 660 et
472 595 622 678 proprie
632 595 803 676 juridica,
823 611 869 660 ex
882 599 1074 660 contractu
1090 613 1244 660 oneroso
1261 601 1298 660 et
1312 596 1448 660 bilate-

316 701 568 784 raliprofecta
599 705 637 766 et
667 701 773 766 titulo
802 701 1110 784 compensationis
1141 701 1281 784 fulcita,
1313 701 1449 766 eadem
1504 727 1505 734 ¹

317 807 459 872 ratione
492 826 564 890 qua
592 807 808 890 gubernium
839 807 1079 872 creditoribus
1108 807 1263 890 publicis
1295 809 1449 872 solvere

316 917 462 978 tenetur
480 913 576 998 qnod
589 913 677 996 ipsis
691 913 855 996 debetur,
873 913 960 996 quia
976 913 1079 978 bonis
1096 914 1170 978 suls
1185 914 1334 996 spoliati
1351 916 1447 998 'fue-
1505 967 1506 970 η

316 1027 413 1102 runt,
434 1021 496 1086 vel
512 1023 552 1085 ut
565 1021 696 1085 dicitur
710 1021 930 1106 acpropriats'
946 1037 1059 1084 causa
1069 1019 1239 1103 publicae
1255 1021 1444 1086 utilitatis:
1505 1005 1506 1008 ¹

317 1133 408 1194 etro
425 1129 570 1212 quidem
584 1146 687 1211 vera,
707 1129 754 1192 ad
782 1127 1044 1194 ostendendam
1069 1127 1301 1193 existentiam
1332 1133 1448 1210 atque

318 1237 487 1298 naturam
505 1233 611 1315 hujus
629 1233 1066 1316 contractusbiiateralis,
1086 1234 1231 1298 onerosi
1263 1249 1308 1298 ao
1335 1231 1448 1298 titulo
1506 1266 1507 1334 Ξ

319 1341 628 1422 compensationis
644 1341 706 1406 vel
722 1339 1038 1406 indemnitationis
1069 1339 1193 1420 debiti,
1227 1340 1317 1404 satis
1345 1343 1449 1404 esset
1506 1347 1507 1366 ¹

318 1447 356 1510 in
374 1446 530 1513 medium
545 1447 712 1530 proferre
729 1447 964 1512 novissimum
981 1444 1248 1512 Concordatum
1260 1447 1298 1510 in
1312 1445 1447 1528 Hispa·

317 1553 379 1617 nia
393 1569 488 1618 anno
508 1553 592 1618 1851
610 1551 890 1635 interlSanctam
902 1552 1030 1620 Sedem
1044 1551 1160 1638 (Pium
1176 1551 1242 1638 IX)
1258 1559 1295 1618 et
1311 1551 1447 1618 Catho-

317 1649 426 1723 licam
444 1659 676 1742 Majestatem
694 1659 870 1744 (Elisabst
882 1659 931 1739 ΙΙ)
943 1659 1082 1740 initum,
1090 1659 1133 1724 in
1145 1677 1229 1742 quo,
1245 1665 1447 1742 antequam
1507 1674 1508 1706 l

317 1764 483 1830 Summus
515 1766 684 1832 Pontifex
701 1767 941 1832 alienationes
972 1767 1148 1830 bonorum
1176 1765 1447 1830 ecclesiastico·

317 1888 397 1935 rum
415 1871 644 1954 subsanaret,
664 1879 814 1937 taxatae
838 1877 922 1938 sunt
948 1871 1110 1938 redditus
1127 1891 1191 1938 seu
1219 1872 1447 1955 quantitates

317 1976 518 2042 solvendae
546 1978 739 2060 Praelatis,
754 1979 853 2044 clero
886 1978 1101 2056 cathedrali,
1120 1978 1303 2064 parochis,
1329 1977 1447 2042 cultui

318 2084 572 2168 ecclesiarum,
592 2085 798 2150 seminariis
815 2091 852 2150 et
881 2083 1212 2150 sanctimonialium
1241 2084 1444 2149 coenobiis.
1508 2080 1509 2102 ¹

407 2189 460 2254 2.⁰
506 2189 851 2274 QuoadEcclesr'am,
863 2192 1032 2272 praefata
1043 2189 1287 2256 formaeidem
1298 2205 1447 2272 semper

318 2295 484 2362 visasuit
503 2315 633 2381 parum
664 2303 784 2380 grata,
803 2297 912 2362 valde
940 2297 1113 2362 deficiens
1146 2307 1183 2362 et
1213 2311 1447 2378 summopere

319 2405 501 2484 precariae
521 2408 684 2468 attamen
701 2401 1117 2487 ApostolicaSedespro
1143 2407 1347 2486 temporum
1382 2418 1445 2466 an·
1509 2488 1510 2496 ἵ

318 2511 448 2593 gustiis
466 2517 502 2575 et
517 2510 565 2576 ad
581 2511 722 2594 majora
739 2511 834 2576 mala
848 2509 1001 2575 vitanda
1013 2509 1109 2576 hunc
1125 2509 1270 2576 modum
1297 2506 1445 2592 religio·

318 2615 369 2680 sis
386 2617 512 2698 popuii
525 2617 714 2683 christiani
730 2617 1010 2682 necessitatibus
1028 2614 1269 2682 subveniendi
1296 2616 1445 2698 permit·

318 2727 398 2785 tero
414 2729 451 2786 et
468 2723 627 2788 tolerare
639 2723 782 2805 cogitur
794 2741 861 2788 ceu
874 2701 1072 2788 remedium
1084 2721 1318 2788 ineluctabile
1332 2727 1447 2804 atque

319 2827 518 2893 subsidium
530 2829 704 2910 possibile
720 2829 820 2895 hisce
836 2828 1010 2894 luctuosis
1026 2828 1262 2912 temporibus.

403 2935 456 2998 3.⁰
496 2936 655 3001 Pracuce
668 2954 757 3002 vero
771 2941 938 3019 spectata
949 2935 1202 3001 recentissima
1214 2935 1333 3000 forma
1345 2934 1446 3018 apud

319 3041 487 3106 nationes
517 3041 718 3106 catholicas
749 3041 897 3108 inducta
927 3041 1084 3106 maxime
1111 3041 1376 3108 inconveniens
1409 3047 1446 3104 ut

320 3149 516 3232 plurimum
547 3149 731 3214 censenda
763 3155 830 3232 est,
862 3149 969 3214 immo
1003 3165 1092 3214 vero
1124 3147 1321 3232 aliquando
1354 3153 1443 3213 tam-

319 3273 429 3338 quam
446 3254 604 3337 pessima
620 3255 841 3337 etgexitialis
865 3254 992 3320 haberi
1020 3259 1181 3320 meretur
1213 3253 1258 3318 ob
1287 3254 1445 3336 plurima

319 3359 563 3443 incommoda,
579 3361 708 3445 quibus
736 3365 866 3444 scatet,
885 3367 921 3426 et
937 3377 1031 3444 quae
1047 3359 1129 3426 heic
1146 3360 1267 3444 operis
1287 3361 1444 3444 pretium

319 3467 482 3532 ducimus
511 3469 716 3533 summatim
755 3449 962 3533 recensere:
999 3467 1028 3546 ⁸)
1068 3467 1257 3534 Ecclesiae
1289 3467 1444 3533 ministri

319 3573 509 3655 cultusque
521 3575 665 3640 divinus
679 3573 877 3640 deveniunt
889 3571 1136 3656 dependentes
1149 3591 1172 3638 a
1188 3573 1444 3657 temporalium

320 3678 583 3761 guberniorum
599 3681 803 3762 voluntate,
821 3681 916 3744 inter
948 3696 1042 3763 quae
1073 3679 1255 3748 interdum
1285 3680 1444 3746 inveniri

319 3789 475 3868 possunt
514 3786 627 3868 aliqui
657 3786 811 3850 ministri
850 3785 1171 3866 indifferentistae‚
1211 3785 1441 3868 calvinistae,

319 3893 503 3974 etiamque
519 3891 658 3974 judaei,
685 3893 737 3956 uti
768 3891 865 3956 haud
892 3909 977 3958 raro
1009 3892 1162 3974 contigit
1189 3891 1228 3956 lu
1258 3893 1442 3958 nunnuilis

318 3995 495 4079 statibus,
510 3997 728 4080 praesertim
754 3997 792 4064 in
819 3997 1019 4081 Republica
1047 3997 1204 4078 Gallica;
1220 3994 1248 4079 ¹³)
1276 3997 1443 4065 Ecclesia

320 4103 455 4186 passim
489 4120 617 4168 carere
649 4104 744 4170 solet
775 4102 898 4169 debita
915 4104 1200 4188 independentia
1227 4106 1265 4170 in
1292 4104 1442 4172 admini-

317 4209 497 4274 stratione
510 4226 632 4275 rerum
647 4227 808 4294 suarum;
825 4211 851 4297 ⁰)
862 4210 1052 4278 Ecclesiae
1076 4211 1231 4278 ministri
1247 4211 1442 4296 parvipen-
