<?xml version="1.0" encoding="UTF-8"?>
<!DOCTYPE html PUBLIC "-//W3C//DTD XHTML 1.0 Transitional//EN"
    "http://www.w3.org/TR/xhtml1/DTD/xhtml1-transitional.dtd">
<html xmlns="http://www.w3.org/1999/xhtml" xml:lang="en" lang="en">
 <head>
  <title>
</title>
<meta http-equiv="Content-Type" content="text/html;charset=utf-8" />
  <meta name='ocr-system' content='tesseract 3.04.00' />
  <meta name='ocr-capabilities' content='ocr_page ocr_carea ocr_par ocr_line ocrx_word'/>
</head>
<body>
  <div class='ocr_page' id='page_1' title='image "./juspublicumeccl00ferngoog_0308.png"; bbox 0 0 3028 4992; ppageno 0'>
   <div class='ocr_carea' id='block_1_1' title="bbox 517 377 693 437">
    <p class='ocr_par' dir='ltr' id='par_1_1' title="bbox 517 377 693 437">
     <span class='ocr_line' id='line_1_1' title="bbox 517 377 693 437; baseline 0.011 -15"><span class='ocrx_word' id='word_1_1' title='bbox 517 377 693 437; x_wconf 70' lang='lat'><strong>‚303-</strong></span> 
     </span>
    </p>
   </div>
   <div class='ocr_carea' id='block_1_2' title="bbox 16 515 1218 4336">
    <p class='ocr_par' dir='ltr' id='par_1_2' title="bbox 16 515 1218 1456">
     <span class='ocr_line' id='line_1_2' title="bbox 16 515 1164 608; baseline 0.014 -34"><span class='ocrx_word' id='word_1_2' title='bbox 16 569 18 574; x_wconf 82' lang='grc'><strong>,</strong></span> <span class='ocrx_word' id='word_1_3' title='bbox 67 535 130 581; x_wconf 89' lang='lat' dir='ltr'><strong>rum</strong></span> <span class='ocrx_word' id='word_1_4' title='bbox 154 515 199 582; x_wconf 89' lang='lat' dir='ltr'><strong>ad</strong></span> <span class='ocrx_word' id='word_1_5' title='bbox 228 515 413 584; x_wconf 87' lang='lat' dir='ltr'><strong>Summum</strong></span> <span class='ocrx_word' id='word_1_6' title='bbox 443 519 656 586; x_wconf 88' lang='lat' dir='ltr'><strong>Pontificem</strong></span> <span class='ocrx_word' id='word_1_7' title='bbox 686 521 888 588; x_wconf 84' lang='lat' dir='ltr'><strong>Adrianum</strong></span> <span class='ocrx_word' id='word_1_8' title='bbox 918 522 970 588; x_wconf 90' lang='lat' dir='ltr'><strong>IV</strong></span> <span class='ocrx_word' id='word_1_9' title='bbox 1000 525 1164 608; x_wconf 76' lang='lat' dir='ltr'>scripsit,</span> 
     </span>
     <span class='ocr_line' id='line_1_3' title="bbox 65 623 1165 707; baseline 0.01 -21"><span class='ocrx_word' id='word_1_10' title='bbox 65 623 162 688; x_wconf 87' lang='lat' dir='ltr'><strong>eidem</strong></span> <span class='ocrx_word' id='word_1_11' title='bbox 177 627 394 707; x_wconf 90' lang='lat' dir='ltr'><strong>promittens</strong></span> <span class='ocrx_word' id='word_1_12' title='bbox 411 644 470 692; x_wconf 91' lang='lat' dir='ltr'><strong>res</strong></span> <span class='ocrx_word' id='word_1_13' title='bbox 501 645 626 693; x_wconf 91' lang='lat' dir='ltr'><strong>omues</strong></span> <span class='ocrx_word' id='word_1_14' title='bbox 639 631 851 694; x_wconf 89' lang='lat' dir='ltr'><strong>restaurare</strong></span> <span class='ocrx_word' id='word_1_15' title='bbox 867 630 903 694; x_wconf 95' lang='lat' dir='ltr'><strong>in</strong></span> <span class='ocrx_word' id='word_1_16' title='bbox 933 629 1110 697; x_wconf 81' lang='lat' dir='ltr'><strong>Hibernia</strong></span> <span class='ocrx_word' id='word_1_17' title='bbox 1126 633 1165 698; x_wconf 92' lang='lat' dir='ltr'><strong>in</strong></span> 
     </span>
     <span class='ocr_line' id='line_1_4' title="bbox 65 731 1169 817; baseline 0.008 -23"><span class='ocrx_word' id='word_1_18' title='bbox 65 731 175 796; x_wconf 90' lang='lat' dir='ltr'><strong>bonum</strong></span> <span class='ocrx_word' id='word_1_19' title='bbox 189 733 380 816; x_wconf 83' lang='lat' dir='ltr'><strong>religionis</strong></span> <span class='ocrx_word' id='word_1_20' title='bbox 397 739 434 798; x_wconf 92' lang='lat' dir='ltr'><strong>et</strong></span> <span class='ocrx_word' id='word_1_21' title='bbox 449 750 578 816; x_wconf 89' lang='lat' dir='ltr'><strong>pacem</strong></span> <span class='ocrx_word' id='word_1_22' title='bbox 594 736 823 817; x_wconf 90' lang='lat' dir='ltr'><strong>populorum.</strong></span> <span class='ocrx_word' id='word_1_23' title='bbox 842 735 1025 802; x_wconf 86' lang='lat' dir='ltr'><strong>Romanus</strong></span> <span class='ocrx_word' id='word_1_24' title='bbox 1043 737 1169 804; x_wconf 88' lang='lat' dir='ltr'><strong>Ponti·</strong></span> 
     </span>
     <span class='ocr_line' id='line_1_5' title="bbox 64 837 1218 926; baseline 0.009 -26"><span class='ocrx_word' id='word_1_25' title='bbox 64 837 111 900; x_wconf 79' lang='lat' dir='ltr'><strong>ies</strong></span> <span class='ocrx_word' id='word_1_26' title='bbox 125 845 262 903; x_wconf 85' lang='lat' dir='ltr'><strong>rectum</strong></span> <span class='ocrx_word' id='word_1_27' title='bbox 279 857 383 904; x_wconf 87' lang='lat' dir='ltr'><strong>suum</strong></span> <span class='ocrx_word' id='word_1_28' title='bbox 405 842 630 923; x_wconf 91' lang='lat' dir='ltr'><strong>propositum</strong></span> <span class='ocrx_word' id='word_1_29' title='bbox 646 841 824 924; x_wconf 89' lang='lat' dir='ltr'><strong>laudavit,</strong></span> <span class='ocrx_word' id='word_1_30' title='bbox 844 843 950 926; x_wconf 91' lang='lat' dir='ltr'><strong>eique</strong></span> <span class='ocrx_word' id='word_1_31' title='bbox 966 844 1019 908; x_wconf 91' lang='lat' dir='ltr'><strong>ita</strong></span> <span class='ocrx_word' id='word_1_32' title='bbox 1035 846 1169 909; x_wconf 90' lang='lat' dir='ltr'><strong>rescri·</strong></span> <span class='ocrx_word' id='word_1_33' title='bbox 1212 882 1218 892; x_wconf 90' lang='lat'><strong>·</strong></span> 
     </span>
     <span class='ocr_line' id='line_1_6' title="bbox 63 945 1164 1030; baseline 0.009 -24"><span class='ocrx_word' id='word_1_34' title='bbox 63 945 129 1024; x_wconf 85' lang='lat' dir='ltr'><strong>psit:</strong></span> <span class='ocrx_word' id='word_1_35' title='bbox 145 945 327 1010; x_wconf 79' lang='lat' dir='ltr'><strong>“Insulam</strong></span> <span class='ocrx_word' id='word_1_36' title='bbox 340 947 441 1012; x_wconf 89' lang='lat' dir='ltr'><strong>illam</strong></span> <span class='ocrx_word' id='word_1_37' title='bbox 456 947 674 1029; x_wconf 85' lang='lat' dir='ltr'><strong>ingrediaris</strong></span> <span class='ocrx_word' id='word_1_38' title='bbox 683 965 748 1030; x_wconf 91' lang='lat' dir='ltr'><strong>pro</strong></span> <span class='ocrx_word' id='word_1_39' title='bbox 765 948 961 1014; x_wconf 80' lang='lat' dir='ltr'><strong>dilatandis</strong></span> <span class='ocrx_word' id='word_1_40' title='bbox 975 949 1164 1016; x_wconf 80' lang='lat' dir='ltr'><strong>Ecclesiae</strong></span> 
     </span>
     <span class='ocr_line' id='line_1_7' title="bbox 62 1051 1167 1136; baseline 0.01 -25"><span class='ocrx_word' id='word_1_41' title='bbox 62 1051 235 1134; x_wconf 89' lang='lat' dir='ltr'><strong>terminis,</strong></span> <span class='ocrx_word' id='word_1_42' title='bbox 256 1069 323 1134; x_wconf 91' lang='lat' dir='ltr'><strong>pro</strong></span> <span class='ocrx_word' id='word_1_43' title='bbox 340 1053 566 1135; x_wconf 80' lang='lat' dir='ltr'><strong>corrigendis</strong></span> <span class='ocrx_word' id='word_1_44' title='bbox 584 1054 757 1135; x_wconf 89' lang='lat' dir='ltr'><strong>moribus,</strong></span> <span class='ocrx_word' id='word_1_45' title='bbox 773 1072 838 1136; x_wconf 95' lang='lat' dir='ltr'><strong>pro</strong></span> <span class='ocrx_word' id='word_1_46' title='bbox 862 1055 1059 1121; x_wconf 88' lang='lat' dir='ltr'><strong>virtutibus</strong></span> <span class='ocrx_word' id='word_1_47' title='bbox 1073 1057 1167 1122; x_wconf 89' lang='lat' dir='ltr'><strong>inse-</strong></span> 
     </span>
     <span class='ocr_line' id='line_1_8' title="bbox 61 1156 1167 1241; baseline 0.011 -24"><span class='ocrx_word' id='word_1_48' title='bbox 61 1172 112 1218; x_wconf 89' lang='lat' dir='ltr'><strong>ren</strong></span> <span class='ocrx_word' id='word_1_49' title='bbox 123 1156 188 1239; x_wconf 92' lang='lat' dir='ltr'><strong>dis,</strong></span> <span class='ocrx_word' id='word_1_50' title='bbox 202 1163 241 1222; x_wconf 91' lang='lat' dir='ltr'><strong>et</strong></span> <span class='ocrx_word' id='word_1_51' title='bbox 258 1158 356 1241; x_wconf 93' lang='lat' dir='ltr'><strong>quod</strong></span> <span class='ocrx_word' id='word_1_52' title='bbox 373 1158 420 1222; x_wconf 90' lang='lat' dir='ltr'><strong>ad</strong></span> <span class='ocrx_word' id='word_1_53' title='bbox 436 1159 610 1224; x_wconf 92' lang='lat' dir='ltr'><strong>honorem</strong></span> <span class='ocrx_word' id='word_1_54' title='bbox 624 1158 692 1224; x_wconf 88' lang='lat' dir='ltr'><strong>Dei</strong></span> <span class='ocrx_word' id='word_1_55' title='bbox 709 1166 745 1224; x_wconf 91' lang='lat' dir='ltr'><strong>et</strong></span> <span class='ocrx_word' id='word_1_56' title='bbox 761 1161 916 1225; x_wconf 89' lang='lat' dir='ltr'><strong>salutem</strong></span> <span class='ocrx_word' id='word_1_57' title='bbox 929 1162 1026 1226; x_wconf 89' lang='lat' dir='ltr'><strong>illius</strong></span> <span class='ocrx_word' id='word_1_58' title='bbox 1043 1168 1167 1230; x_wconf 90' lang='lat' dir='ltr'><strong>terrae</strong></span> 
     </span>
     <span class='ocr_line' id='line_1_9' title="bbox 60 1265 1166 1352; baseline 0.007 -25"><span class='ocrx_word' id='word_1_59' title='bbox 60 1265 267 1342; x_wconf 83' lang='lat' dir='ltr'><strong>spectaverit</strong></span> <span class='ocrx_word' id='word_1_60' title='bbox 281 1266 506 1347; x_wconf 83' lang='lat' dir='ltr'><strong>exsequaris,</strong></span> <span class='ocrx_word' id='word_1_61' title='bbox 531 1266 684 1348; x_wconf 90' lang='lat' dir='ltr'><strong>populus</strong></span> <span class='ocrx_word' id='word_1_62' title='bbox 715 1267 913 1332; x_wconf 88' lang='lat' dir='ltr'><strong>honorifice</strong></span> <span class='ocrx_word' id='word_1_63' title='bbox 943 1277 979 1333; x_wconf 91' lang='lat' dir='ltr'><strong>te</strong></span> <span class='ocrx_word' id='word_1_64' title='bbox 1008 1270 1166 1352; x_wconf 88' lang='lat' dir='ltr'><strong>recipiat</strong></span> 
     </span>
     <span class='ocr_line' id='line_1_10' title="bbox 59 1369 638 1456; baseline 0.01 -26"><span class='ocrx_word' id='word_1_65' title='bbox 59 1374 86 1430; x_wconf 87' lang='lat' dir='ltr'><strong>et</strong></span> <span class='ocrx_word' id='word_1_66' title='bbox 99 1369 184 1434; x_wconf 88' lang='lat' dir='ltr'><strong>sicut</strong></span> <span class='ocrx_word' id='word_1_67' title='bbox 197 1371 385 1436; x_wconf 89' lang='lat' dir='ltr'><strong>domiuum</strong></span> <span class='ocrx_word' id='word_1_68' title='bbox 404 1380 638 1456; x_wconf 61' lang='lat' dir='ltr'><strong>veneretur,</strong></span> 
     </span>
    </p>

    <p class='ocr_par' dir='ltr' id='par_1_3' title="bbox 56 1475 1166 2838">
     <span class='ocr_line' id='line_1_11' title="bbox 129 1475 1164 1561; baseline 0.008 -21"><span class='ocrx_word' id='word_1_69' title='bbox 129 1475 181 1541; x_wconf 81' lang='lat' dir='ltr'><strong>Ex</strong></span> <span class='ocrx_word' id='word_1_70' title='bbox 198 1477 452 1559; x_wconf 89' lang='lat' dir='ltr'><strong>praelaudatis</strong></span> <span class='ocrx_word' id='word_1_71' title='bbox 467 1479 588 1543; x_wconf 86' lang='lat' dir='ltr'><strong>verbis</strong></span> <span class='ocrx_word' id='word_1_72' title='bbox 602 1479 796 1561; x_wconf 89' lang='lat' dir='ltr'><strong>perspicue</strong></span> <span class='ocrx_word' id='word_1_73' title='bbox 811 1479 950 1544; x_wconf 90' lang='lat' dir='ltr'><strong>eruitur</strong></span> <span class='ocrx_word' id='word_1_74' title='bbox 962 1481 1164 1548; x_wconf 84' lang='lat' dir='ltr'><strong>Romanum</strong></span> 
     </span>
     <span class='ocr_line' id='line_1_12' title="bbox 58 1577 1162 1670; baseline 0.007 -27"><span class='ocrx_word' id='word_1_75' title='bbox 58 1577 249 1648; x_wconf 86' lang='lat' dir='ltr'><strong>Pontificem</strong></span> <span class='ocrx_word' id='word_1_76' title='bbox 267 1601 341 1648; x_wconf 92' lang='lat' dir='ltr'><strong>non</strong></span> <span class='ocrx_word' id='word_1_77' title='bbox 357 1583 476 1666; x_wconf 82' lang='lat' dir='ltr'><strong>egisse</strong></span> <span class='ocrx_word' id='word_1_78' title='bbox 495 1591 533 1648; x_wconf 91' lang='lat' dir='ltr'><strong>ut</strong></span> <span class='ocrx_word' id='word_1_79' title='bbox 545 1585 728 1649; x_wconf 92' lang='lat' dir='ltr'><strong>dominum</strong></span> <span class='ocrx_word' id='word_1_80' title='bbox 741 1585 838 1650; x_wconf 89' lang='lat' dir='ltr'><strong>illius</strong></span> <span class='ocrx_word' id='word_1_81' title='bbox 851 1585 1024 1668; x_wconf 85' lang='lat' dir='ltr'><strong>regionis,</strong></span> <span class='ocrx_word' id='word_1_82' title='bbox 1043 1605 1162 1670; x_wconf 91' lang='lat' dir='ltr'><strong>neque</strong></span> 
     </span>
     <span class='ocr_line' id='line_1_13' title="bbox 57 1686 1162 1772; baseline 0.01 -25"><span class='ocrx_word' id='word_1_83' title='bbox 57 1686 238 1754; x_wconf 86' lang='lat' dir='ltr'><strong>violentam</strong></span> <span class='ocrx_word' id='word_1_84' title='bbox 254 1691 532 1772; x_wconf 80' lang='lat' dir='ltr'><strong>occupationem</strong></span> <span class='ocrx_word' id='word_1_85' title='bbox 545 1697 582 1755; x_wconf 91' lang='lat' dir='ltr'><strong>et</strong></span> <span class='ocrx_word' id='word_1_86' title='bbox 594 1691 858 1771; x_wconf 87' lang='lat' dir='ltr'><strong>subjectionem</strong></span> <span class='ocrx_word' id='word_1_87' title='bbox 871 1691 1018 1757; x_wconf 87' lang='lat' dir='ltr'><strong>Insulae</strong></span> <span class='ocrx_word' id='word_1_88' title='bbox 1032 1700 1162 1758; x_wconf 87' lang='lat' dir='ltr'><strong>contra</strong></span> 
     </span>
     <span class='ocr_line' id='line_1_14' title="bbox 57 1793 1166 1881; baseline 0.011 -28"><span class='ocrx_word' id='word_1_89' title='bbox 57 1793 267 1862; x_wconf 85' lang='lat' dir='ltr'><strong>voluntatem</strong></span> <span class='ocrx_word' id='word_1_90' title='bbox 280 1796 524 1880; x_wconf 85' lang='lat' dir='ltr'><strong>legitimorum</strong></span> <span class='ocrx_word' id='word_1_91' title='bbox 542 1799 746 1881; x_wconf 88' lang='lat' dir='ltr'><strong>principum</strong></span> <span class='ocrx_word' id='word_1_92' title='bbox 763 1815 808 1862; x_wconf 91' lang='lat' dir='ltr'><strong>ac</strong></span> <span class='ocrx_word' id='word_1_93' title='bbox 822 1799 946 1880; x_wconf 92' lang='lat' dir='ltr'><strong>populi</strong></span> <span class='ocrx_word' id='word_1_94' title='bbox 960 1801 1166 1866; x_wconf 87' lang='lat' dir='ltr'><strong>consuluis-</strong></span> 
     </span>
     <span class='ocr_line' id='line_1_15' title="bbox 57 1901 1164 1987; baseline 0.013 -29"><span class='ocrx_word' id='word_1_95' title='bbox 57 1913 97 1977; x_wconf 87' lang='lat' dir='ltr'><strong>se,</strong></span> <span class='ocrx_word' id='word_1_96' title='bbox 111 1901 170 1965; x_wconf 90' lang='lat' dir='ltr'><strong>sed</strong></span> <span class='ocrx_word' id='word_1_97' title='bbox 187 1906 333 1968; x_wconf 88' lang='lat' dir='ltr'><strong>tantum</strong></span> <span class='ocrx_word' id='word_1_98' title='bbox 346 1920 412 1967; x_wconf 89' lang='lat' dir='ltr'><strong>sua</strong></span> <span class='ocrx_word' id='word_1_99' title='bbox 428 1920 599 1986; x_wconf 91' lang='lat' dir='ltr'><strong>suprema</strong></span> <span class='ocrx_word' id='word_1_100' title='bbox 616 1905 806 1968; x_wconf 88' lang='lat' dir='ltr'><strong>sanctione</strong></span> <span class='ocrx_word' id='word_1_101' title='bbox 834 1905 1061 1987; x_wconf 82' lang='lat' dir='ltr'><strong>approbasse</strong></span> <span class='ocrx_word' id='word_1_102' title='bbox 1086 1907 1164 1972; x_wconf 89' lang='lat' dir='ltr'><strong>lau-</strong></span> 
     </span>
     <span class='ocr_line' id='line_1_16' title="bbox 58 2001 1162 2093; baseline 0.009 -26"><span class='ocrx_word' id='word_1_103' title='bbox 58 2001 194 2074; x_wconf 88' lang='lat' dir='ltr'><strong>dabilem</strong></span> <span class='ocrx_word' id='word_1_104' title='bbox 210 2027 365 2091; x_wconf 90' lang='lat' dir='ltr'><strong>scopum</strong></span> <span class='ocrx_word' id='word_1_105' title='bbox 381 2009 489 2092; x_wconf 84' lang='lat' dir='ltr'><strong>Regis</strong></span> <span class='ocrx_word' id='word_1_106' title='bbox 515 2010 672 2092; x_wconf 90' lang='lat' dir='ltr'><strong>Angliae</strong></span> <span class='ocrx_word' id='word_1_107' title='bbox 688 2010 852 2075; x_wconf 88' lang='lat' dir='ltr'><strong>ordinem</strong></span> <span class='ocrx_word' id='word_1_108' title='bbox 885 2017 922 2075; x_wconf 90' lang='lat' dir='ltr'><strong>et</strong></span> <span class='ocrx_word' id='word_1_109' title='bbox 953 2029 1083 2093; x_wconf 89' lang='lat' dir='ltr'><strong>pacem</strong></span> <span class='ocrx_word' id='word_1_110' title='bbox 1108 2031 1162 2077; x_wconf 88' lang='lat' dir='ltr'><strong>re·</strong></span> 
     </span>
     <span class='ocr_line' id='line_1_17' title="bbox 57 2111 1165 2198; baseline 0.013 -28"><span class='ocrx_word' id='word_1_111' title='bbox 57 2111 260 2198; x_wconf 88' lang='lat' dir='ltr'><strong>stabiliendi,</strong></span> <span class='ocrx_word' id='word_1_112' title='bbox 269 2115 520 2198; x_wconf 90' lang='lat' dir='ltr'><strong>quodquidam</strong></span> <span class='ocrx_word' id='word_1_113' title='bbox 536 2116 715 2197; x_wconf 92' lang='lat' dir='ltr'><strong>religioni,</strong></span> <span class='ocrx_word' id='word_1_114' title='bbox 724 2117 924 2182; x_wconf 87' lang='lat' dir='ltr'><strong>moralitati</strong></span> <span class='ocrx_word' id='word_1_115' title='bbox 939 2122 976 2182; x_wconf 91' lang='lat' dir='ltr'><strong>et</strong></span> <span class='ocrx_word' id='word_1_116' title='bbox 991 2119 1165 2184; x_wconf 84' lang='lat' dir='ltr'><strong>civilitati</strong></span> 
     </span>
     <span class='ocr_line' id='line_1_18' title="bbox 58 2217 1161 2305; baseline 0.01 -27"><span class='ocrx_word' id='word_1_117' title='bbox 58 2217 146 2282; x_wconf 88' lang='lat' dir='ltr'><strong>valde</strong></span> <span class='ocrx_word' id='word_1_118' title='bbox 158 2237 361 2286; x_wconf 90' lang='lat' dir='ltr'><strong>consonum</strong></span> <span class='ocrx_word' id='word_1_119' title='bbox 373 2221 579 2287; x_wconf 89' lang='lat' dir='ltr'><strong>videbatur.</strong></span> <span class='ocrx_word' id='word_1_120' title='bbox 598 2220 702 2302; x_wconf 75' lang='lat' dir='ltr'><strong>Quod</strong></span> <span class='ocrx_word' id='word_1_121' title='bbox 725 2221 756 2286; x_wconf 91' lang='lat' dir='ltr'><strong>si</strong></span> <span class='ocrx_word' id='word_1_122' title='bbox 785 2229 914 2304; x_wconf 88' lang='lat' dir='ltr'><strong>postea</strong></span> <span class='ocrx_word' id='word_1_123' title='bbox 931 2223 1041 2302; x_wconf 89' lang='lat' dir='ltr'><strong>(anno</strong></span> <span class='ocrx_word' id='word_1_124' title='bbox 1060 2224 1161 2305; x_wconf 85' lang='grc'>1171)</span> 
     </span>
     <span class='ocr_line' id='line_1_19' title="bbox 56 2320 1162 2414; baseline 0.01 -28"><span class='ocrx_word' id='word_1_125' title='bbox 56 2320 214 2394; x_wconf 87' lang='lat' dir='ltr'><strong>Henricus</strong></span> <span class='ocrx_word' id='word_1_126' title='bbox 227 2347 312 2394; x_wconf 90' lang='lat' dir='ltr'><strong>cum</strong></span> <span class='ocrx_word' id='word_1_127' title='bbox 325 2346 458 2412; x_wconf 86' lang='lat' dir='ltr'><strong>magna</strong></span> <span class='ocrx_word' id='word_1_128' title='bbox 471 2329 591 2394; x_wconf 89' lang='lat' dir='ltr'><strong>classe</strong></span> <span class='ocrx_word' id='word_1_129' title='bbox 609 2330 716 2394; x_wconf 91' lang='lat' dir='ltr'><strong>urbes</strong></span> <span class='ocrx_word' id='word_1_130' title='bbox 732 2329 933 2395; x_wconf 90' lang='lat' dir='ltr'><strong>maritimas</strong></span> <span class='ocrx_word' id='word_1_131' title='bbox 954 2348 1162 2414; x_wconf 89' lang='lat' dir='ltr'><strong>occupave-</strong></span> 
     </span>
     <span class='ocr_line' id='line_1_20' title="bbox 57 2427 1164 2520; baseline 0.013 -32"><span class='ocrx_word' id='word_1_132' title='bbox 57 2427 93 2490; x_wconf 90' lang='lat' dir='ltr'><strong>rit</strong></span> <span class='ocrx_word' id='word_1_133' title='bbox 106 2439 138 2496; x_wconf 88' lang='lat' dir='ltr'><strong>et</strong></span> <span class='ocrx_word' id='word_1_134' title='bbox 148 2433 185 2498; x_wconf 92' lang='lat' dir='ltr'><strong>in</strong></span> <span class='ocrx_word' id='word_1_135' title='bbox 198 2439 315 2500; x_wconf 84' lang='lat' dir='ltr'><strong>totam</strong></span> <span class='ocrx_word' id='word_1_136' title='bbox 326 2434 488 2500; x_wconf 88' lang='lat' dir='ltr'><strong>Insulam</strong></span> <span class='ocrx_word' id='word_1_137' title='bbox 501 2435 706 2501; x_wconf 88' lang='lat' dir='ltr'><strong>dominatus</strong></span> <span class='ocrx_word' id='word_1_138' title='bbox 723 2435 783 2517; x_wconf 92' lang='lat' dir='ltr'><strong>sit,</strong></span> <span class='ocrx_word' id='word_1_139' title='bbox 799 2453 863 2500; x_wconf 85' lang='lat' dir='ltr'><strong>suo</strong></span> <span class='ocrx_word' id='word_1_140' title='bbox 883 2436 1035 2519; x_wconf 91' lang='lat' dir='ltr'><strong>imperio</strong></span> <span class='ocrx_word' id='word_1_141' title='bbox 1051 2437 1164 2520; x_wconf 91' lang='lat' dir='ltr'><strong>subji-</strong></span> 
     </span>
     <span class='ocr_line' id='line_1_21' title="bbox 57 2535 1162 2626; baseline 0.008 -26"><span class='ocrx_word' id='word_1_142' title='bbox 57 2535 255 2606; x_wconf 88' lang='lat' dir='ltr'><strong>ciendotum</strong></span> <span class='ocrx_word' id='word_1_143' title='bbox 278 2541 455 2624; x_wconf 85' lang='lat' dir='ltr'><strong>Regulum</strong></span> <span class='ocrx_word' id='word_1_144' title='bbox 486 2541 757 2607; x_wconf 90' lang='lat' dir='ltr'><strong>Linsterensem</strong></span> <span class='ocrx_word' id='word_1_145' title='bbox 788 2543 849 2626; x_wconf 92' lang='lat' dir='ltr'><strong>qui</strong></span> <span class='ocrx_word' id='word_1_146' title='bbox 876 2544 954 2625; x_wconf 80' lang='lat' dir='ltr'><strong>eJus</strong></span> <span class='ocrx_word' id='word_1_147' title='bbox 983 2544 1162 2611; x_wconf 85' lang='lat' dir='ltr'><strong>auxilium</strong></span> 
     </span>
     <span class='ocr_line' id='line_1_22' title="bbox 56 2641 1165 2731; baseline 0.012 -27"><span class='ocrx_word' id='word_1_148' title='bbox 56 2641 314 2725; x_wconf 83' lang='lat' dir='ltr'><strong>imploraverat,</strong></span> <span class='ocrx_word' id='word_1_149' title='bbox 334 2653 411 2722; x_wconf 86' lang='lat' dir='ltr'><strong>tum</strong></span> <span class='ocrx_word' id='word_1_150' title='bbox 426 2653 592 2714; x_wconf 88' lang='lat' dir='ltr'><strong>caeteros</strong></span> <span class='ocrx_word' id='word_1_151' title='bbox 623 2648 822 2731; x_wconf 89' lang='lat' dir='ltr'><strong>Principes,</strong></span> <span class='ocrx_word' id='word_1_152' title='bbox 842 2655 999 2716; x_wconf 89' lang='lat' dir='ltr'><strong>mentem</strong></span> <span class='ocrx_word' id='word_1_153' title='bbox 1030 2655 1067 2716; x_wconf 89' lang='lat' dir='ltr'><strong>et</strong></span> <span class='ocrx_word' id='word_1_154' title='bbox 1098 2651 1165 2716; x_wconf 85' lang='lat' dir='ltr'><strong>ad·</strong></span> 
     </span>
     <span class='ocr_line' id='line_1_23' title="bbox 57 2741 992 2838; baseline 0.013 -30"><span class='ocrx_word' id='word_1_155' title='bbox 57 2741 281 2820; x_wconf 89' lang='lat' dir='ltr'><strong>hortationem</strong></span> <span class='ocrx_word' id='word_1_156' title='bbox 298 2753 451 2818; x_wconf 86' lang='lat' dir='ltr'><strong>Adriani</strong></span> <span class='ocrx_word' id='word_1_157' title='bbox 463 2753 513 2820; x_wconf 87' lang='lat' dir='ltr'><strong>IV</strong></span> <span class='ocrx_word' id='word_1_158' title='bbox 529 2755 675 2820; x_wconf 91' lang='lat' dir='ltr'><strong>minime</strong></span> <span class='ocrx_word' id='word_1_159' title='bbox 689 2759 906 2838; x_wconf 86' lang='lat' dir='ltr'><strong>assequutus</strong></span> <span class='ocrx_word' id='word_1_160' title='bbox 925 2765 992 2820; x_wconf 91' lang='lat' dir='ltr'><strong>est.</strong></span> 
     </span>
    </p>

    <p class='ocr_par' dir='ltr' id='par_1_4' title="bbox 53 2857 1200 4103">
     <span class='ocr_line' id='line_1_24' title="bbox 126 2857 1160 2940; baseline 0.007 -18"><span class='ocrx_word' id='word_1_161' title='bbox 126 2857 175 2923; x_wconf 83' lang='lat'><strong>3.⁰</strong></span> <span class='ocrx_word' id='word_1_162' title='bbox 222 2858 329 2940; x_wconf 83' lang='lat' dir='ltr'><strong>Quod</strong></span> <span class='ocrx_word' id='word_1_163' title='bbox 345 2862 477 2926; x_wconf 88' lang='lat' dir='ltr'><strong>attinet</strong></span> <span class='ocrx_word' id='word_1_164' title='bbox 492 2861 540 2926; x_wconf 88' lang='lat' dir='ltr'><strong>ad</strong></span> <span class='ocrx_word' id='word_1_165' title='bbox 556 2861 779 2927; x_wconf 89' lang='lat' dir='ltr'><strong>creationem</strong></span> <span class='ocrx_word' id='word_1_166' title='bbox 803 2880 982 2927; x_wconf 92' lang='lat' dir='ltr'><strong>novorum</strong></span> <span class='ocrx_word' id='word_1_167' title='bbox 1000 2868 1160 2929; x_wconf 89' lang='lat' dir='ltr'><strong>statuum</strong></span> 
     </span>
     <span class='ocr_line' id='line_1_25' title="bbox 56 2963 1163 3050; baseline 0.012 -28"><span class='ocrx_word' id='word_1_168' title='bbox 56 2963 208 3046; x_wconf 88' lang='lat' dir='ltr'><strong>etregiae</strong></span> <span class='ocrx_word' id='word_1_169' title='bbox 226 2966 415 3048; x_wconf 87' lang='lat' dir='ltr'><strong>dignitatis</strong></span> <span class='ocrx_word' id='word_1_170' title='bbox 432 2967 678 3050; x_wconf 85' lang='lat' dir='ltr'><strong>collationem,</strong></span> <span class='ocrx_word' id='word_1_171' title='bbox 696 2967 850 3032; x_wconf 88' lang='lat' dir='ltr'><strong>Romani</strong></span> <span class='ocrx_word' id='word_1_172' title='bbox 881 2968 1076 3034; x_wconf 82' lang='lat' dir='ltr'><strong>Pontifices</strong></span> <span class='ocrx_word' id='word_1_173' title='bbox 1106 2987 1163 3034; x_wconf 93' lang='lat' dir='ltr'><strong>re·</strong></span> 
     </span>
     <span class='ocr_line' id='line_1_26' title="bbox 55 3068 1163 3159; baseline 0.013 -31"><span class='ocrx_word' id='word_1_174' title='bbox 55 3068 195 3139; x_wconf 87' lang='lat' dir='ltr'><strong>ctissime</strong></span> <span class='ocrx_word' id='word_1_175' title='bbox 211 3091 295 3140; x_wconf 89' lang='lat' dir='ltr'><strong>sese</strong></span> <span class='ocrx_word' id='word_1_176' title='bbox 308 3080 512 3157; x_wconf 83' lang='lat' dir='ltr'><strong>gesserunt3</strong></span> <span class='ocrx_word' id='word_1_177' title='bbox 530 3075 664 3140; x_wconf 90' lang='lat' dir='ltr'><strong>etenim</strong></span> <span class='ocrx_word' id='word_1_178' title='bbox 690 3076 870 3141; x_wconf 88' lang='lat' dir='ltr'><strong>altissima</strong></span> <span class='ocrx_word' id='word_1_179' title='bbox 888 3078 1091 3159; x_wconf 88' lang='lat' dir='ltr'><strong>majestatis</strong></span> <span class='ocrx_word' id='word_1_180' title='bbox 1109 3078 1163 3142; x_wconf 91' lang='lat' dir='ltr'><strong>in·</strong></span> 
     </span>
     <span class='ocr_line' id='line_1_27' title="bbox 55 3179 1200 3265; baseline 0.012 -31"><span class='ocrx_word' id='word_1_181' title='bbox 55 3179 214 3246; x_wconf 79' lang='lat' dir='ltr'><strong>vestitura</strong></span> <span class='ocrx_word' id='word_1_182' title='bbox 232 3184 410 3246; x_wconf 90' lang='lat' dir='ltr'><strong>ornarunt</strong></span> <span class='ocrx_word' id='word_1_183' title='bbox 441 3181 629 3264; x_wconf 89' lang='lat' dir='ltr'><strong>Principes</strong></span> <span class='ocrx_word' id='word_1_184' title='bbox 662 3182 723 3248; x_wconf 92' lang='lat' dir='ltr'><strong>vel</strong></span> <span class='ocrx_word' id='word_1_185' title='bbox 751 3183 796 3246; x_wconf 94' lang='lat' dir='ltr'><strong>ob</strong></span> <span class='ocrx_word' id='word_1_186' title='bbox 827 3181 1041 3248; x_wconf 85' lang='lat' dir='ltr'><strong>fidelitatem</strong></span> <span class='ocrx_word' id='word_1_187' title='bbox 1069 3200 1160 3265; x_wconf 89' lang='lat' dir='ltr'><strong>erga</strong></span> <span class='ocrx_word' id='word_1_188' title='bbox 1196 3204 1200 3212; x_wconf 94' lang='lat'>·</span> 
     </span>
     <span class='ocr_line' id='line_1_28' title="bbox 55 3275 1159 3372; baseline 0.007 -26"><span class='ocrx_word' id='word_1_189' title='bbox 55 3275 206 3352; x_wconf 82' lang='lat' dir='ltr'><strong>Sanctam</strong></span> <span class='ocrx_word' id='word_1_190' title='bbox 239 3287 370 3354; x_wconf 91' lang='lat' dir='ltr'><strong>Sedem</strong></span> <span class='ocrx_word' id='word_1_191' title='bbox 397 3288 623 3370; x_wconf 88' lang='lat' dir='ltr'><strong>praeclaros,</strong></span> <span class='ocrx_word' id='word_1_192' title='bbox 643 3288 703 3353; x_wconf 93' lang='lat' dir='ltr'><strong>vel</strong></span> <span class='ocrx_word' id='word_1_193' title='bbox 735 3289 780 3354; x_wconf 93' lang='lat' dir='ltr'><strong>ob</strong></span> <span class='ocrx_word' id='word_1_194' title='bbox 808 3289 982 3355; x_wconf 85' lang='lat' dir='ltr'><strong>eximium</strong></span> <span class='ocrx_word' id='word_1_195' title='bbox 1014 3289 1159 3372; x_wconf 90' lang='lat' dir='ltr'><strong>reiigio-</strong></span> 
     </span>
     <span class='ocr_line' id='line_1_29' title="bbox 54 3386 1163 3479; baseline 0.003 -21"><span class='ocrx_word' id='word_1_196' title='bbox 54 3386 108 3468; x_wconf 74' lang='lat' dir='ltr'><strong>nis,</strong></span> <span class='ocrx_word' id='word_1_197' title='bbox 126 3394 296 3474; x_wconf 83' lang='lat' dir='ltr'><strong>publicae</strong></span> <span class='ocrx_word' id='word_1_198' title='bbox 307 3393 509 3458; x_wconf 85' lang='lat' dir='ltr'><strong>honestatis</strong></span> <span class='ocrx_word' id='word_1_199' title='bbox 526 3401 562 3458; x_wconf 89' lang='lat' dir='ltr'><strong>et</strong></span> <span class='ocrx_word' id='word_1_200' title='bbox 577 3395 662 3459; x_wconf 93' lang='lat' dir='ltr'><strong>boni</strong></span> <span class='ocrx_word' id='word_1_201' title='bbox 674 3395 822 3460; x_wconf 89' lang='lat' dir='ltr'><strong>socialis</strong></span> <span class='ocrx_word' id='word_1_202' title='bbox 836 3397 954 3460; x_wconf 83' lang='lat' dir='ltr'><strong>zelum</strong></span> <span class='ocrx_word' id='word_1_203' title='bbox 967 3397 1163 3479; x_wconf 90' lang='lat' dir='ltr'><strong>spectatis·</strong></span> 
     </span>
     <span class='ocr_line' id='line_1_30' title="bbox 55 3493 1161 3585; baseline 0.008 -26"><span class='ocrx_word' id='word_1_204' title='bbox 55 3493 158 3580; x_wconf 79' lang='lat' dir='ltr'><strong>timos,</strong></span> <span class='ocrx_word' id='word_1_205' title='bbox 176 3501 241 3567; x_wconf 89' lang='lat' dir='ltr'><strong>vel</strong></span> <span class='ocrx_word' id='word_1_206' title='bbox 257 3501 303 3565; x_wconf 93' lang='lat' dir='ltr'><strong>ob</strong></span> <span class='ocrx_word' id='word_1_207' title='bbox 318 3501 520 3566; x_wconf 89' lang='lat' dir='ltr'><strong>debellatos</strong></span> <span class='ocrx_word' id='word_1_208' title='bbox 547 3501 669 3566; x_wconf 89' lang='lat' dir='ltr'><strong>hostes</strong></span> <span class='ocrx_word' id='word_1_209' title='bbox 686 3503 840 3567; x_wconf 90' lang='lat' dir='ltr'><strong>nominis</strong></span> <span class='ocrx_word' id='word_1_210' title='bbox 857 3502 1047 3568; x_wconf 88' lang='lat' dir='ltr'><strong>christiani</strong></span> <span class='ocrx_word' id='word_1_211' title='bbox 1065 3503 1161 3585; x_wconf 89' lang='lat' dir='ltr'><strong>opti·</strong></span> 
     </span>
     <span class='ocr_line' id='line_1_31' title="bbox 53 3609 1157 3693; baseline 0.004 -21"><span class='ocrx_word' id='word_1_212' title='bbox 53 3613 99 3664; x_wconf 74' lang='lat' dir='ltr'><strong>me</strong></span> <span class='ocrx_word' id='word_1_213' title='bbox 123 3609 282 3673; x_wconf 89' lang='lat' dir='ltr'><strong>meritos:</strong></span> <span class='ocrx_word' id='word_1_214' title='bbox 312 3609 561 3692; x_wconf 86' lang='lat' dir='ltr'><strong>caeteroquin,</strong></span> <span class='ocrx_word' id='word_1_215' title='bbox 592 3626 673 3675; x_wconf 91' lang='lat' dir='ltr'><strong>cum</strong></span> <span class='ocrx_word' id='word_1_216' title='bbox 697 3609 809 3674; x_wconf 89' lang='lat' dir='ltr'><strong>hosce</strong></span> <span class='ocrx_word' id='word_1_217' title='bbox 834 3609 1022 3692; x_wconf 89' lang='lat' dir='ltr'><strong>Principes</strong></span> <span class='ocrx_word' id='word_1_218' title='bbox 1054 3611 1157 3693; x_wconf 86' lang='lat' dir='ltr'><strong>ragio</strong></span> 
     </span>
     <span class='ocr_line' id='line_1_32' title="bbox 54 3704 1160 3798; baseline 0.016 -34"><span class='ocrx_word' id='word_1_219' title='bbox 54 3704 141 3775; x_wconf 91' lang='lat' dir='ltr'><strong>titulo</strong></span> <span class='ocrx_word' id='word_1_220' title='bbox 168 3714 421 3797; x_wconf 89' lang='lat' dir='ltr'><strong>nobilitarunt,</strong></span> <span class='ocrx_word' id='word_1_221' title='bbox 453 3715 645 3798; x_wconf 90' lang='lat' dir='ltr'><strong>imperium</strong></span> <span class='ocrx_word' id='word_1_222' title='bbox 663 3719 872 3797; x_wconf 77' lang='lat' dir='ltr'><strong>(subornato)</strong></span> <span class='ocrx_word' id='word_1_223' title='bbox 898 3715 1160 3782; x_wconf 83' lang='lat' dir='ltr'><strong>conferendum</strong></span> 
     </span>
     <span class='ocr_line' id='line_1_33' title="bbox 54 3821 1158 3905; baseline 0.012 -31"><span class='ocrx_word' id='word_1_224' title='bbox 54 3825 210 3886; x_wconf 87' lang='lat' dir='ltr'><strong>curarunt</strong></span> <span class='ocrx_word' id='word_1_225' title='bbox 225 3821 263 3886; x_wconf 92' lang='lat' dir='ltr'><strong>iu</strong></span> <span class='ocrx_word' id='word_1_226' title='bbox 279 3821 439 3886; x_wconf 87' lang='lat' dir='ltr'><strong>dominia</strong></span> <span class='ocrx_word' id='word_1_227' title='bbox 470 3823 632 3905; x_wconf 88' lang='lat' dir='ltr'><strong>legitimo</strong></span> <span class='ocrx_word' id='word_1_228' title='bbox 645 3823 729 3905; x_wconf 90' lang='lat' dir='ltr'><strong>jure</strong></span> <span class='ocrx_word' id='word_1_229' title='bbox 754 3827 935 3905; x_wconf 89' lang='lat' dir='ltr'><strong>occupata</strong></span> <span class='ocrx_word' id='word_1_230' title='bbox 967 3822 1028 3887; x_wconf 91' lang='lat' dir='ltr'><strong>vel</strong></span> <span class='ocrx_word' id='word_1_231' title='bbox 1057 3823 1158 3904; x_wconf 79' lang='lat' dir='ltr'><strong>Justo</strong></span> 
     </span>
     <span class='ocr_line' id='line_1_34' title="bbox 56 3913 1161 4012; baseline 0.011 -30"><span class='ocrx_word' id='word_1_232' title='bbox 56 3913 134 3987; x_wconf 86' lang='lat' dir='ltr'><strong>hello</strong></span> <span class='ocrx_word' id='word_1_233' title='bbox 149 3929 342 4012; x_wconf 86' lang='lat' dir='ltr'><strong>acquisita,</strong></span> <span class='ocrx_word' id='word_1_234' title='bbox 372 3929 460 4012; x_wconf 91' lang='lat' dir='ltr'><strong>quin</strong></span> <span class='ocrx_word' id='word_1_235' title='bbox 483 3929 574 3994; x_wconf 87' lang='lat' dir='ltr'><strong>alios</strong></span> <span class='ocrx_word' id='word_1_236' title='bbox 603 3928 767 3995; x_wconf 88' lang='lat' dir='ltr'><strong>Summos</strong></span> <span class='ocrx_word' id='word_1_237' title='bbox 798 3929 1028 4012; x_wconf 90' lang='lat' dir='ltr'><strong>Imperautes</strong></span> <span class='ocrx_word' id='word_1_238' title='bbox 1045 3947 1067 3992; x_wconf 87' lang='lat' dir='ltr'><strong>a</strong></span> <span class='ocrx_word' id='word_1_239' title='bbox 1085 3930 1161 3994; x_wconf 90' lang='lat' dir='ltr'><strong>suis</strong></span> 
     </span>
     <span class='ocr_line' id='line_1_35' title="bbox 55 4037 881 4103; baseline 0.017 -14"><span class='ocrx_word' id='word_1_240' title='bbox 55 4037 325 4103; x_wconf 86' lang='lat' dir='ltr'><strong>possessionibus</strong></span> <span class='ocrx_word' id='word_1_241' title='bbox 343 4045 407 4101; x_wconf 90' lang='lat' dir='ltr'><strong>aut</strong></span> <span class='ocrx_word' id='word_1_242' title='bbox 422 4037 615 4102; x_wconf 86' lang='lat' dir='ltr'><strong>territoriis</strong></span> <span class='ocrx_word' id='word_1_243' title='bbox 633 4037 881 4103; x_wconf 87' lang='lat' dir='ltr'><strong>deturbarent.</strong></span> 
     </span>
    </p>

    <p class='ocr_par' dir='ltr' id='par_1_5' title="bbox 55 4140 1167 4336">
     <span class='ocr_line' id='line_1_36' title="bbox 129 4140 1164 4228; baseline 0.008 -24"><span class='ocrx_word' id='word_1_244' title='bbox 129 4140 201 4208; x_wconf 79' lang='grc'><strong>179.</strong></span> <span class='ocrx_word' id='word_1_245' title='bbox 250 4142 286 4209; x_wconf 90' lang='lat' dir='ltr'><strong>Si</strong></span> <span class='ocrx_word' id='word_1_246' title='bbox 302 4161 393 4210; x_wconf 91' lang='lat' dir='ltr'><strong>vero</strong></span> <span class='ocrx_word' id='word_1_247' title='bbox 410 4149 621 4227; x_wconf 89' lang='lat' dir='ltr'><strong>spectentur</strong></span> <span class='ocrx_word' id='word_1_248' title='bbox 638 4145 808 4228; x_wconf 89' lang='lat' dir='ltr'><strong>regiones</strong></span> <span class='ocrx_word' id='word_1_249' title='bbox 821 4144 866 4210; x_wconf 92' lang='lat' dir='ltr'><strong>de</strong></span> <span class='ocrx_word' id='word_1_250' title='bbox 879 4161 975 4210; x_wconf 89' lang='lat' dir='ltr'><strong>novo</strong></span> <span class='ocrx_word' id='word_1_251' title='bbox 989 4143 1164 4212; x_wconf 88' lang='lat' dir='ltr'><strong>detectae</strong></span> 
     </span>
     <span class='ocr_line' id='line_1_37' title="bbox 55 4240 1167 4336; baseline 0.019 -39"><span class='ocrx_word' id='word_1_252' title='bbox 55 4240 104 4303; x_wconf 85' lang='lat' dir='ltr'><strong>vel</strong></span> <span class='ocrx_word' id='word_1_253' title='bbox 119 4248 237 4316; x_wconf 86' lang='lat' dir='ltr'><strong>terrae</strong></span> <span class='ocrx_word' id='word_1_254' title='bbox 257 4267 352 4334; x_wconf 87' lang='lat' dir='ltr'><strong>quae</strong></span> <span class='ocrx_word' id='word_1_255' title='bbox 368 4251 406 4315; x_wconf 91' lang='lat' dir='ltr'><strong>in</strong></span> <span class='ocrx_word' id='word_1_256' title='bbox 422 4257 608 4334; x_wconf 92' lang='lat' dir='ltr'><strong>posterum</strong></span> <span class='ocrx_word' id='word_1_257' title='bbox 632 4251 903 4336; x_wconf 88' lang='lat' dir='ltr'><strong>detegerentur,</strong></span> <span class='ocrx_word' id='word_1_258' title='bbox 921 4251 1038 4334; x_wconf 86' lang='lat' dir='ltr'><strong>plene</strong></span> <span class='ocrx_word' id='word_1_259' title='bbox 1054 4253 1167 4318; x_wconf 87' lang='lat' dir='ltr'><strong>etiam</strong></span> 
     </span>
    </p>
   </div>
   <div class='ocr_carea' id='block_1_3' title="bbox 0 0 1518 4992">
    <p class='ocr_par' dir='ltr' id='par_1_6' title="bbox 0 0 1518 4992">
     <span class='ocr_line' id='line_1_38' title="bbox 0 0 1518 4992; baseline 0 3"><span class='ocrx_word' id='word_1_260' title='bbox 0 0 1518 4992; x_wconf 95' lang='lat' dir='ltr'><strong> </strong></span> 
     </span>
    </p>
   </div>
  </div>
 </body>
</html>
