3038 4994
538 368 716 428 ..909-

90 509 227 573 saeculis
242 511 412 593 peractis,
432 513 631 576 continenti
648 513 729 594 plus
746 512 863 576 minus
876 512 947 578 XII
961 513 1190 579 saeculorum

89 618 194 678 tractu
208 612 440 681 Successores
453 618 551 682 Petri
564 619 789 700 suprematia
807 619 957 701 politica
974 637 1020 685 ox
1037 621 1190 703 speciali

88 719 148 784 Dei
162 723 386 802 providentia
402 725 506 805 potiti
535 731 632 805 sunt;
658 729 695 790 et
713 726 880 806 quamvis
908 725 1102 792 hodiedum
1130 727 1190 791 do-

87 828 183 892 minio
196 831 384 912 temporali
409 832 531 914 iniquo
549 832 696 914 spoliati
713 831 861 912 fuerint,
880 831 1085 914 hujusmodi
1103 838 1190 898 tem·

88 951 245 1018 poranea,
263 937 426 1002 violenta
454 943 490 1002 et
517 939 698 1021 sacrilega
716 939 906 1020 occupatio
925 940 1102 1021 impedire
1130 957 1190 1004 ne-

87 1043 165 1123 quit,
182 1043 367 1125 quominus
395 1043 528 1110 Christi
545 1047 581 1110 in
599 1047 709 1110 terris
736 1045 873 1112 Vicarii
906 1064 1029 1112 coram
1048 1047 1192 1129 populis

88 1151 410 1234 etgentibusregia
440 1153 619 1235 dignitate
647 1161 684 1218 et
713 1154 909 1236 majestate
933 1155 1076 1236 imperii
1108 1155 1191 1218 insi-

87 1255 165 1339 gniti
181 1259 444 1342 praefulgeant.

441 1575 704 1642 ARTICULUS
717 1577 797 1642 VII.

506 1751 752 1819 Suuuuniuu.

87 1925 164 1977 lis·
188 1927 227 1980 2.·
239 1927 350 1980 ihesis:
365 1927 526 1982 Dominium
539 1929 685 1996 temporale
706 1929 908 1984 successoribus
926 1927 961 1982 B.
976 1931 1058 1985 Petri
1076 1934 1193 1988 mercule

144 2000 197 2052 tum
216 1999 406 2052 omnimoduct
419 1999 544 2070 perfecta
564 2001 734 2069 leqttimitate
756 2001 964 2070 perdebito.
986 2005 1194 2068 Argumentum

140 2069 457 2138 philosophicum—121.
473 2075 680 2137 Argumentum
693 2072 881 2126 iacturarum--
890 2077 956 2125 «122.
969 2076 1013 2126 An
1024 2075 1194 2128 Patriciatus

145 2139 292 2194 Romanus
307 2141 411 2209 Pipino
430 2145 549 2210 ejusque
571 2143 638 2195 filiis
663 2145 792 2212 collatus,
815 2146 858 2196 vel
882 2145 1012 2210 Dignitas
1034 2147 1193 2212 imperialis

144 2213 242 2266 Carolo
265 2213 372 2278 Magno
384 2229 519 2266 concessa
532 2217 579 2282 jns
593 2216 772 2268 Summorum
790 2215 959 2268 Pontificum
973 2219 1194 2269 imminuerit--

145 2287 201 2336 123.
224 2287 431 2350 Argumentum
452 2285 711 2352 jamdictum-124.
738 2287 946 2354 Argumentum
974 2286 1194 2356 theoloneum.-

145 2355 203 2408 125.
222 2357 431 2421 Argumentum
445 2356 483 2408 od
494 2356 635 2409 hominem.

162 2516 237 2580 119.
285 2514 471 2597 Superiori
486 2517 639 2580 articulo
654 2516 982 2582 demonstravimus
996 2519 1102 2583 factis
1117 2537 1193 2583 cer-

19 2615 20 2618 ’
87 2621 216 2688 tissimis
246 2629 283 2688 et
307 2624 525 2688 authenticis
554 2623 777 2688 documentis
811 2623 1021 2688 historicam
1046 2626 1194 2690 dominii

87 2729 283 2812 temporalis
316 2729 473 2795 Sanctae
505 2729 606 2794 Sedis
641 2730 818 2814 originem
852 2748 933 2794 esse
965 2731 1195 2796 tribuendam

87 2837 190 2913 quoad
206 2836 357 2900 Romam
373 2835 587 2918 vicinasque
616 2837 785 2899 civitates
803 2843 1028 2917 spontaneae
1045 2839 1193 2920 populo-

87 2953 151 3004 rum
167 2942 343 3006 deditioni
371 2950 474 3006 ortae
492 2960 538 3006 ex
564 2942 771 3007 eorumdem
798 2943 998 3024 indigentia
1016 2952 1053 3009 et
1076 2945 1194 3009 Ponti-

88 3044 149 3111 icis
166 3049 331 3130 potentia
358 3068 402 3114 ao
432 3050 702 3130 benevolentia,
722 3050 841 3131 quoad
859 3051 950 3114 alias
968 3069 1056 3116 vero
1086 3053 1195 3116 urbes

88 3157 180 3236 atque
195 3156 351 3222 ditiones
365 3156 564 3238 splendidis
578 3156 787 3237 Principum
802 3155 1067 3238 donationibus,
1082 3175 1194 3238 popu-

87 3257 123 3324 lis
135 3281 275 3347 quoque
293 3265 576 3330 assentientibus
593 3269 629 3326 et
647 3263 948 3327 acclamantibus.

160 3370 266 3434 Modo
285 3375 406 3434 autem
423 3370 539 3434 nostri
556 3369 715 3434 muneris
740 3374 796 3432 est
812 3368 1039 3450 perpendere
1056 3367 1195 3432 solidis·

88 3470 163 3538 sima
178 3477 431 3558 fundamenta,
449 3477 578 3558 quibus
594 3475 759 3539 innititur
776 3474 997 3556 constitutio,
1013 3475 1195 3556 possessio

89 3580 181 3662 atque
207 3584 297 3666 juge
331 3585 543 3647 exercitium
576 3583 805 3666 Principatus
840 3581 959 3646 civilis
1006 3581 1195 3648 Pontificio

88 3686 244 3763 primatui
261 3690 452 3771 vinculati,
473 3695 511 3753 ut
525 3689 780 3754 auctoritatem
806 3687 1194 3771 politico-religiosam,

89 3806 147 3872 qna
161 3797 270 3880 longo
295 3798 443 3862 circitor
460 3795 532 3862 XII
548 3796 778 3860 saeculorum
798 3795 951 3859 decursu
981 3795 1087 3877 potiti
1114 3801 1197 3857 suut

19 3927 20 3930 ¹
89 3895 225 3968 Romani
256 3903 462 3984 Praesume,
496 3903 724 3967 vindicemus
754 3901 931 3964 adversus
965 3916 1089 3964 omnes
1118 3899 1197 3980 ejus

19 4041 20 4046 κ
91 4019 198 4074 osores
211 4015 248 4075 et
260 4011 546 4092 impugnatores,
563 4007 773 4088 aMarsilio,
788 4005 981 4086 Wioleffio,
996 4005 1031 4070 J.
1049 4004 1195 4084 Hussio,

19 4127 21 4216 i

19 4219 20 4228 i

19 4231 20 4240 i

19 4293 21 4306 i

92 4117 304 4198 caeterisque
320 4116 516 4180 haereticis
534 4114 671 4179 saeculi
687 4113 773 4178 XIV
789 4113 826 4176 in
844 4111 1004 4178 Concilio
1022 4108 1196 4176 Constan-

92 4215 183 4286 tiensi
199 4221 415 4305 proscriptis
429 4220 606 4304 usquead
623 4217 768 4286 Cavour
781 4217 1076 4300 recentioresque
1092 4233 1195 4300 pseu-

1093 4341 1126 4391 14
