<?xml version="1.0" encoding="UTF-8"?>
<!DOCTYPE html PUBLIC "-//W3C//DTD XHTML 1.0 Transitional//EN"
    "http://www.w3.org/TR/xhtml1/DTD/xhtml1-transitional.dtd">
<html xmlns="http://www.w3.org/1999/xhtml" xml:lang="en" lang="en">
 <head>
  <title>
</title>
<meta http-equiv="Content-Type" content="text/html;charset=utf-8" />
  <meta name='ocr-system' content='tesseract 3.04.00' />
  <meta name='ocr-capabilities' content='ocr_page ocr_carea ocr_par ocr_line ocrx_word'/>
</head>
<body>
  <div class='ocr_page' id='page_1' title='image "./juspublicumeccl00ferngoog_0051.png"; bbox 0 0 3096 4986; ppageno 0'>
   <div class='ocr_carea' id='block_1_1' title="bbox 688 363 952 422">
    <p class='ocr_par' dir='ltr' id='par_1_1' title="bbox 688 363 952 422">
     <span class='ocr_line' id='line_1_1' title="bbox 688 363 952 422; baseline -0.03 -8"><span class='ocrx_word' id='word_1_1' title='bbox 688 406 692 414; x_wconf 87' lang='grc'><em>,</em></span> <span class='ocrx_word' id='word_1_2' title='bbox 794 363 952 422; x_wconf 77' lang='grc'>...46-</span> 
     </span>
    </p>
   </div>
   <div class='ocr_carea' id='block_1_2' title="bbox 311 502 1444 576">
    <p class='ocr_par' dir='ltr' id='par_1_2' title="bbox 311 477 1544 596">
     <span class='ocr_line' id='line_1_2' title="bbox 311 502 1444 576; baseline -0.007 -2"><span class='ocrx_word' id='word_1_3' title='bbox 311 508 526 576; x_wconf 82' lang='lat' dir='ltr'><strong>recentioris</strong></span> <span class='ocrx_word' id='word_1_4' title='bbox 553 506 686 572; x_wconf 86' lang='lat' dir='ltr'><strong>aetatis</strong></span> <span class='ocrx_word' id='word_1_5' title='bbox 715 506 994 571; x_wconf 85' lang='lat' dir='ltr'><strong>necessitatibus</strong></span> <span class='ocrx_word' id='word_1_6' title='bbox 1027 504 1138 568; x_wconf 92' lang='lat' dir='ltr'><strong>tutius</strong></span> <span class='ocrx_word' id='word_1_7' title='bbox 1166 521 1211 568; x_wconf 86' lang='lat' dir='ltr'><strong>ac</strong></span> <span class='ocrx_word' id='word_1_8' title='bbox 1246 502 1444 568; x_wconf 83' lang='lat' dir='ltr'><strong>efficacius</strong></span> 
     </span>
    </p>
   </div>
   <div class='ocr_carea' id='block_1_3' title="bbox 309 609 1544 1122">
    <p class='ocr_par' dir='ltr' id='par_1_3' title="bbox 309 609 1544 1122">
     <span class='ocr_line' id='line_1_3' title="bbox 309 609 1544 695; baseline -0.007 -15"><span class='ocrx_word' id='word_1_9' title='bbox 309 617 535 694; x_wconf 82' lang='lat' dir='ltr'><strong>subveniret3</strong></span> <span class='ocrx_word' id='word_1_10' title='bbox 567 631 663 678; x_wconf 92' lang='lat' dir='ltr'><strong>nuno</strong></span> <span class='ocrx_word' id='word_1_11' title='bbox 694 629 783 676; x_wconf 84' lang='lat' dir='ltr'><strong>vero</strong></span> <span class='ocrx_word' id='word_1_12' title='bbox 819 611 1019 695; x_wconf 79' lang='lat' dir='ltr'><strong>applicatio</strong></span> <span class='ocrx_word' id='word_1_13' title='bbox 1053 609 1218 690; x_wconf 88' lang='lat' dir='ltr'><strong>remedii,</strong></span> <span class='ocrx_word' id='word_1_14' title='bbox 1253 610 1440 688; x_wconf 88' lang='lat' dir='ltr'><strong>nimirum,</strong></span> <span class='ocrx_word' id='word_1_15' title='bbox 1543 649 1544 690; x_wconf 30' lang='lat' dir='ltr'><strong>p</strong></span> 
     </span>
     <span class='ocr_line' id='line_1_4' title="bbox 311 717 1544 804; baseline -0.006 -20"><span class='ocrx_word' id='word_1_16' title='bbox 311 739 503 804; x_wconf 80' lang='lat' dir='ltr'><strong>processus</strong></span> <span class='ocrx_word' id='word_1_17' title='bbox 517 718 805 800; x_wconf 85' lang='lat' dir='ltr'><strong>extrajudicialis</strong></span> <span class='ocrx_word' id='word_1_18' title='bbox 824 735 889 783; x_wconf 87' lang='lat' dir='ltr'><strong>seu</strong></span> <span class='ocrx_word' id='word_1_19' title='bbox 906 717 1157 800; x_wconf 80' lang='lat' dir='ltr'><strong>suspensionis</strong></span> <span class='ocrx_word' id='word_1_20' title='bbox 1173 734 1220 781; x_wconf 86' lang='lat' dir='ltr'><strong>ex</strong></span> <span class='ocrx_word' id='word_1_21' title='bbox 1237 717 1445 780; x_wconf 84' lang='lat' dir='ltr'><strong>informata</strong></span> <span class='ocrx_word' id='word_1_22' title='bbox 1543 729 1544 732; x_wconf 69' lang='grc'>’</span> 
     </span>
     <span class='ocr_line' id='line_1_5' title="bbox 311 821 1544 908; baseline -0.006 -18"><span class='ocrx_word' id='word_1_23' title='bbox 311 827 548 908; x_wconf 85' lang='lat' dir='ltr'><strong>conscientia,</strong></span> <span class='ocrx_word' id='word_1_24' title='bbox 564 826 642 890; x_wconf 88' lang='lat' dir='ltr'><strong>fleri</strong></span> <span class='ocrx_word' id='word_1_25' title='bbox 655 825 774 904; x_wconf 90' lang='lat' dir='ltr'><strong>debet,</strong></span> <span class='ocrx_word' id='word_1_26' title='bbox 791 832 865 890; x_wconf 88' lang='lat' dir='ltr'><strong>tum</strong></span> <span class='ocrx_word' id='word_1_27' title='bbox 879 842 959 888; x_wconf 91' lang='lat' dir='ltr'><strong>cum</strong></span> <span class='ocrx_word' id='word_1_28' title='bbox 973 825 1093 905; x_wconf 85' lang='lat' dir='ltr'><strong>agitur</strong></span> <span class='ocrx_word' id='word_1_29' title='bbox 1105 822 1150 887; x_wconf 89' lang='lat' dir='ltr'><strong>de</strong></span> <span class='ocrx_word' id='word_1_30' title='bbox 1165 823 1300 886; x_wconf 86' lang='lat' dir='ltr'><strong>delicto</strong></span> <span class='ocrx_word' id='word_1_31' title='bbox 1316 821 1443 886; x_wconf 92' lang='lat' dir='ltr'><strong>occul·</strong></span> <span class='ocrx_word' id='word_1_32' title='bbox 1543 871 1544 876; x_wconf 62' lang='grc'>,</span> 
     </span>
     <span class='ocr_line' id='line_1_6' title="bbox 312 928 1544 1015; baseline -0.005 -18"><span class='ocrx_word' id='word_1_33' title='bbox 312 944 362 1014; x_wconf 90' lang='lat' dir='ltr'><strong>to,</strong></span> <span class='ocrx_word' id='word_1_34' title='bbox 394 933 539 1015; x_wconf 89' lang='lat' dir='ltr'><strong>quando</strong></span> <span class='ocrx_word' id='word_1_35' title='bbox 569 931 740 996; x_wconf 84' lang='lat' dir='ltr'><strong>deficiunt</strong></span> <span class='ocrx_word' id='word_1_36' title='bbox 754 931 937 1012; x_wconf 71' lang='lat' dir='ltr'><strong>juridicus</strong></span> <span class='ocrx_word' id='word_1_37' title='bbox 954 930 1202 1013; x_wconf 82' lang='lat' dir='ltr'><strong>probationes,</strong></span> <span class='ocrx_word' id='word_1_38' title='bbox 1221 937 1295 992; x_wconf 91' lang='lat' dir='ltr'><strong>tum</strong></span> <span class='ocrx_word' id='word_1_39' title='bbox 1324 928 1444 992; x_wconf 88' lang='lat' dir='ltr'><strong>etiam</strong></span> <span class='ocrx_word' id='word_1_40' title='bbox 1543 949 1544 954; x_wconf 44' lang='lat'>¹</span> 
     </span>
     <span class='ocr_line' id='line_1_7' title="bbox 311 1035 1544 1122; baseline -0.005 -20"><span class='ocrx_word' id='word_1_41' title='bbox 311 1040 343 1104; x_wconf 92' lang='lat' dir='ltr'><strong>si</strong></span> <span class='ocrx_word' id='word_1_42' title='bbox 360 1040 524 1122; x_wconf 81' lang='lat' dir='ltr'><strong>quaestio</strong></span> <span class='ocrx_word' id='word_1_43' title='bbox 542 1039 589 1104; x_wconf 92' lang='lat' dir='ltr'><strong>sit</strong></span> <span class='ocrx_word' id='word_1_44' title='bbox 601 1038 645 1102; x_wconf 89' lang='lat' dir='ltr'><strong>de</strong></span> <span class='ocrx_word' id='word_1_45' title='bbox 660 1037 810 1102; x_wconf 90' lang='lat' dir='ltr'><strong>crimine</strong></span> <span class='ocrx_word' id='word_1_46' title='bbox 830 1038 989 1120; x_wconf 91' lang='lat' dir='ltr'><strong>publico,</strong></span> <span class='ocrx_word' id='word_1_47' title='bbox 1006 1035 1274 1118; x_wconf 88' lang='lat' dir='ltr'><strong>quodpropter</strong></span> <span class='ocrx_word' id='word_1_48' title='bbox 1302 1035 1444 1098; x_wconf 90' lang='lat' dir='ltr'><strong>bonum</strong></span> <span class='ocrx_word' id='word_1_49' title='bbox 1543 1071 1544 1084; x_wconf 44' lang='grc' dir='ltr'><strong>ι</strong></span> 
     </span>
    </p>
   </div>
   <div class='ocr_carea' id='block_1_4' title="bbox 312 1140 1442 1225">
    <p class='ocr_par' dir='ltr' id='par_1_4' title="bbox 312 1140 1442 1225">
     <span class='ocr_line' id='line_1_8' title="bbox 312 1140 1442 1225; baseline -0.006 -15"><span class='ocrx_word' id='word_1_50' title='bbox 312 1163 501 1210; x_wconf 89' lang='lat' dir='ltr'><strong>commune</strong></span> <span class='ocrx_word' id='word_1_51' title='bbox 519 1150 582 1209; x_wconf 89' lang='lat' dir='ltr'><strong>aut</strong></span> <span class='ocrx_word' id='word_1_52' title='bbox 615 1145 757 1208; x_wconf 91' lang='lat' dir='ltr'><strong>ratione</strong></span> <span class='ocrx_word' id='word_1_53' title='bbox 792 1144 961 1225; x_wconf 90' lang='lat' dir='ltr'><strong>publicae</strong></span> <span class='ocrx_word' id='word_1_54' title='bbox 986 1143 1188 1208; x_wconf 83' lang='lat' dir='ltr'><strong>honestatis</strong></span> <span class='ocrx_word' id='word_1_55' title='bbox 1217 1140 1442 1222; x_wconf 91' lang='lat' dir='ltr'><strong>impunitum</strong></span> 
     </span>
    </p>
   </div>
   <div class='ocr_carea' id='block_1_5' title="bbox 313 1249 1544 1332">
    <p class='ocr_par' dir='ltr' id='par_1_5' title="bbox 313 1249 1544 1332">
     <span class='ocr_line' id='line_1_9' title="bbox 313 1249 1544 1332; baseline -0.006 -18"><span class='ocrx_word' id='word_1_56' title='bbox 313 1268 503 1315; x_wconf 88' lang='lat' dir='ltr'><strong>remanere</strong></span> <span class='ocrx_word' id='word_1_57' title='bbox 520 1251 657 1332; x_wconf 91' lang='lat' dir='ltr'><strong>nequit,</strong></span> <span class='ocrx_word' id='word_1_58' title='bbox 677 1255 713 1314; x_wconf 90' lang='lat' dir='ltr'><strong>et</strong></span> <span class='ocrx_word' id='word_1_59' title='bbox 742 1261 863 1312; x_wconf 87' lang='lat' dir='ltr'><strong>tamen</strong></span> <span class='ocrx_word' id='word_1_60' title='bbox 882 1250 927 1312; x_wconf 94' lang='lat' dir='ltr'><strong>ob</strong></span> <span class='ocrx_word' id='word_1_61' title='bbox 947 1249 1200 1312; x_wconf 83' lang='lat' dir='ltr'><strong>difficultatem</strong></span> <span class='ocrx_word' id='word_1_62' title='bbox 1229 1252 1441 1326; x_wconf 88' lang='lat' dir='ltr'><strong>temporum</strong></span> <span class='ocrx_word' id='word_1_63' title='bbox 1543 1293 1544 1296; x_wconf 63' lang='lat'><strong>,</strong></span> 
     </span>
    </p>
   </div>
   <div class='ocr_carea' id='block_1_6' title="bbox 312 1352 1544 1653">
    <p class='ocr_par' dir='ltr' id='par_1_6' title="bbox 312 1352 1544 1653">
     <span class='ocr_line' id='line_1_10' title="bbox 313 1352 1444 1440; baseline -0.006 -19"><span class='ocrx_word' id='word_1_64' title='bbox 313 1357 374 1422; x_wconf 90' lang='lat' dir='ltr'><strong>vel</strong></span> <span class='ocrx_word' id='word_1_65' title='bbox 393 1357 673 1440; x_wconf 86' lang='lat' dir='ltr'><strong>prohibitionem</strong></span> <span class='ocrx_word' id='word_1_66' title='bbox 708 1356 828 1438; x_wconf 87' lang='lat' dir='ltr'><strong>legum</strong></span> <span class='ocrx_word' id='word_1_67' title='bbox 859 1355 1021 1420; x_wconf 88' lang='lat' dir='ltr'><strong>civilium</strong></span> <span class='ocrx_word' id='word_1_68' title='bbox 1039 1354 1126 1418; x_wconf 92' lang='lat' dir='ltr'><strong>ordo</strong></span> <span class='ocrx_word' id='word_1_69' title='bbox 1156 1352 1343 1434; x_wconf 86' lang='lat' dir='ltr'><strong>judicialis</strong></span> <span class='ocrx_word' id='word_1_70' title='bbox 1372 1357 1444 1414; x_wconf 87' lang='lat' dir='ltr'><strong>aut</strong></span> 
     </span>
     <span class='ocr_line' id='line_1_11' title="bbox 313 1458 1544 1546; baseline -0.005 -18"><span class='ocrx_word' id='word_1_71' title='bbox 313 1481 511 1546; x_wconf 87' lang='lat' dir='ltr'><strong>processus</strong></span> <span class='ocrx_word' id='word_1_72' title='bbox 527 1463 656 1544; x_wconf 84' lang='lat' dir='ltr'><strong>legalis</strong></span> <span class='ocrx_word' id='word_1_73' title='bbox 671 1463 814 1526; x_wconf 85' lang='lat' dir='ltr'><strong>servari</strong></span> <span class='ocrx_word' id='word_1_74' title='bbox 832 1479 901 1526; x_wconf 91' lang='lat' dir='ltr'><strong>non</strong></span> <span class='ocrx_word' id='word_1_75' title='bbox 921 1467 1049 1542; x_wconf 89' lang='lat' dir='ltr'><strong>potest,</strong></span> <span class='ocrx_word' id='word_1_76' title='bbox 1069 1460 1119 1524; x_wconf 93' lang='lat' dir='ltr'><strong>uti</strong></span> <span class='ocrx_word' id='word_1_77' title='bbox 1146 1459 1271 1524; x_wconf 89' lang='lat' dir='ltr'><strong>evenit</strong></span> <span class='ocrx_word' id='word_1_78' title='bbox 1288 1458 1325 1522; x_wconf 90' lang='lat' dir='ltr'><strong>in</strong></span> <span class='ocrx_word' id='word_1_79' title='bbox 1350 1475 1445 1522; x_wconf 86' lang='lat' dir='ltr'><strong>casu</strong></span> <span class='ocrx_word' id='word_1_80' title='bbox 1543 1491 1544 1522; x_wconf 58' lang='lat' dir='ltr'><strong>t</strong></span> 
     </span>
     <span class='ocr_line' id='line_1_12' title="bbox 312 1553 1544 1653; baseline -0.006 -17"><span class='ocrx_word' id='word_1_81' title='bbox 312 1589 429 1653; x_wconf 88' lang='lat' dir='ltr'><strong>nuper·</strong></span> <span class='ocrx_word' id='word_1_82' title='bbox 443 1577 640 1634; x_wconf 90' lang='lat' dir='ltr'><strong>memorato</strong></span> <span class='ocrx_word' id='word_1_83' title='bbox 659 1569 703 1632; x_wconf 91' lang='lat' dir='ltr'><strong>de</strong></span> <span class='ocrx_word' id='word_1_84' title='bbox 723 1569 948 1649; x_wconf 74' lang='lat' dir='ltr'><strong>presbyteris</strong></span> <span class='ocrx_word' id='word_1_85' title='bbox 966 1568 1080 1632; x_wconf 82' lang='lat' dir='ltr'><strong>ltalia.</strong></span> <span class='ocrx_word' id='word_1_86' title='bbox 1543 1553 1544 1570; x_wconf 53' lang='lat'>¹</span> 
     </span>
    </p>
   </div>
   <div class='ocr_carea' id='block_1_7' title="bbox 313 1671 1544 1865">
    <p class='ocr_par' dir='ltr' id='par_1_7' title="bbox 313 1671 1544 1865">
     <span class='ocr_line' id='line_1_13' title="bbox 403 1671 1444 1758; baseline -0.002 -18"><span class='ocrx_word' id='word_1_87' title='bbox 403 1677 457 1740; x_wconf 81' lang='lat'><strong>24.</strong></span> <span class='ocrx_word' id='word_1_88' title='bbox 506 1677 561 1740; x_wconf 81' lang='lat' dir='ltr'><strong>Ex</strong></span> <span class='ocrx_word' id='word_1_89' title='bbox 577 1677 775 1758; x_wconf 87' lang='lat' dir='ltr'><strong>praejactis</strong></span> <span class='ocrx_word' id='word_1_90' title='bbox 789 1677 990 1756; x_wconf 83' lang='lat' dir='ltr'><strong>sententiis,</strong></span> <span class='ocrx_word' id='word_1_91' title='bbox 1009 1693 1102 1758; x_wconf 88' lang='lat' dir='ltr'><strong>quae</strong></span> <span class='ocrx_word' id='word_1_92' title='bbox 1116 1674 1211 1738; x_wconf 91' lang='lat' dir='ltr'><strong>inter</strong></span> <span class='ocrx_word' id='word_1_93' title='bbox 1225 1671 1444 1738; x_wconf 82' lang='lat' dir='ltr'><strong>canonistas</strong></span> 
     </span>
     <span class='ocr_line' id='line_1_14' title="bbox 313 1778 1544 1865; baseline -0.006 -19"><span class='ocrx_word' id='word_1_94' title='bbox 313 1783 472 1864; x_wconf 81' lang='lat' dir='ltr'><strong>optimae</strong></span> <span class='ocrx_word' id='word_1_95' title='bbox 486 1789 595 1846; x_wconf 86' lang='lat' dir='ltr'><strong>notae</strong></span> <span class='ocrx_word' id='word_1_96' title='bbox 622 1789 884 1863; x_wconf 85' lang='lat' dir='ltr'><strong>sustentantur,</strong></span> <span class='ocrx_word' id='word_1_97' title='bbox 904 1789 1014 1865; x_wconf 89' lang='lat' dir='ltr'><strong>atque</strong></span> <span class='ocrx_word' id='word_1_98' title='bbox 1031 1799 1077 1846; x_wconf 86' lang='lat' dir='ltr'><strong>ex</strong></span> <span class='ocrx_word' id='word_1_99' title='bbox 1092 1778 1387 1862; x_wconf 81' lang='lat' dir='ltr'><strong>jurisprudentia</strong></span> <span class='ocrx_word' id='word_1_100' title='bbox 1421 1796 1447 1840; x_wconf 92' lang='lat' dir='ltr'><strong>a</strong></span> <span class='ocrx_word' id='word_1_101' title='bbox 1543 1811 1544 1832; x_wconf 60' lang='lat' dir='ltr'><strong>t</strong></span> 
     </span>
    </p>
   </div>
   <div class='ocr_carea' id='block_1_8' title="bbox 313 1885 1447 2077">
    <p class='ocr_par' dir='ltr' id='par_1_8' title="bbox 313 1861 1544 2088">
     <span class='ocr_line' id='line_1_15' title="bbox 313 1885 1445 1970; baseline -0.003 -20"><span class='ocrx_word' id='word_1_102' title='bbox 313 1885 349 1951; x_wconf 91' lang='lat' dir='ltr'><strong>S.</strong></span> <span class='ocrx_word' id='word_1_103' title='bbox 369 1887 539 1951; x_wconf 86' lang='lat' dir='ltr'><strong>Romanis</strong></span> <span class='ocrx_word' id='word_1_104' title='bbox 572 1886 922 1970; x_wconf 84' lang='lat' dir='ltr'><strong>Congregationibus</strong></span> <span class='ocrx_word' id='word_1_105' title='bbox 939 1890 977 1952; x_wconf 95' lang='lat' dir='ltr'><strong>in</strong></span> <span class='ocrx_word' id='word_1_106' title='bbox 1003 1887 1221 1970; x_wconf 86' lang='lat' dir='ltr'><strong>nuperrimis</strong></span> <span class='ocrx_word' id='word_1_107' title='bbox 1248 1885 1445 1949; x_wconf 90' lang='lat' dir='ltr'><strong>decisioni·</strong></span> 
     </span>
     <span class='ocr_line' id='line_1_16' title="bbox 314 1990 1447 2077; baseline -0.005 -19"><span class='ocrx_word' id='word_1_108' title='bbox 314 1994 381 2058; x_wconf 92' lang='lat' dir='ltr'><strong>bus</strong></span> <span class='ocrx_word' id='word_1_109' title='bbox 397 2001 558 2074; x_wconf 89' lang='lat' dir='ltr'><strong>servata,</strong></span> <span class='ocrx_word' id='word_1_110' title='bbox 578 1995 669 2058; x_wconf 90' lang='lat' dir='ltr'><strong>haec</strong></span> <span class='ocrx_word' id='word_1_111' title='bbox 686 1995 849 2077; x_wconf 88' lang='lat' dir='ltr'><strong>practice</strong></span> <span class='ocrx_word' id='word_1_112' title='bbox 868 1995 971 2058; x_wconf 93' lang='lat' dir='ltr'><strong>nobis</strong></span> <span class='ocrx_word' id='word_1_113' title='bbox 990 1993 1159 2058; x_wconf 88' lang='lat' dir='ltr'><strong>videntur</strong></span> <span class='ocrx_word' id='word_1_114' title='bbox 1193 2008 1274 2056; x_wconf 90' lang='lat' dir='ltr'><strong>esse</strong></span> <span class='ocrx_word' id='word_1_115' title='bbox 1293 1990 1447 2054; x_wconf 89' lang='lat' dir='ltr'><strong>conclu·</strong></span> 
     </span>
    </p>
   </div>
   <div class='ocr_carea' id='block_1_9' title="bbox 314 2096 1544 2182">
    <p class='ocr_par' dir='ltr' id='par_1_9' title="bbox 314 2096 1544 2182">
     <span class='ocr_line' id='line_1_17' title="bbox 314 2096 1544 2182; baseline -0.002 -20"><span class='ocrx_word' id='word_1_116' title='bbox 314 2098 445 2162; x_wconf 87' lang='lat' dir='ltr'><strong>denda:</strong></span> <span class='ocrx_word' id='word_1_117' title='bbox 466 2100 501 2162; x_wconf 90' lang='lat' dir='ltr'><strong>in</strong></span> <span class='ocrx_word' id='word_1_118' title='bbox 515 2099 722 2180; x_wconf 88' lang='lat' dir='ltr'><strong>judicandis</strong></span> <span class='ocrx_word' id='word_1_119' title='bbox 740 2118 784 2164; x_wconf 89' lang='lat' dir='ltr'><strong>ac</strong></span> <span class='ocrx_word' id='word_1_120' title='bbox 814 2099 1016 2182; x_wconf 86' lang='lat' dir='ltr'><strong>plectendis</strong></span> <span class='ocrx_word' id='word_1_121' title='bbox 1049 2099 1266 2164; x_wconf 91' lang='lat' dir='ltr'><strong>clericorum</strong></span> <span class='ocrx_word' id='word_1_122' title='bbox 1297 2096 1448 2161; x_wconf 88' lang='lat' dir='ltr'><strong>delictis</strong></span> <span class='ocrx_word' id='word_1_123' title='bbox 1543 2099 1544 2174; x_wconf 63' lang='grc' dir='ltr'>ζ</span> 
     </span>
    </p>
   </div>
   <div class='ocr_carea' id='block_1_10' title="bbox 315 2189 1544 2287">
    <p class='ocr_par' dir='ltr' id='par_1_10' title="bbox 315 2189 1544 2287">
     <span class='ocr_line' id='line_1_18' title="bbox 315 2189 1544 2287; baseline 0.002 -18"><span class='ocrx_word' id='word_1_124' title='bbox 315 2205 448 2286; x_wconf 92' lang='lat' dir='ltr'><strong>triplici</strong></span> <span class='ocrx_word' id='word_1_125' title='bbox 470 2207 530 2268; x_wconf 87' lang='lat' dir='ltr'><strong>via</strong></span> <span class='ocrx_word' id='word_1_126' title='bbox 547 2223 610 2270; x_wconf 90' lang='lat' dir='ltr'><strong>seu</strong></span> <span class='ocrx_word' id='word_1_127' title='bbox 631 2205 735 2269; x_wconf 90' lang='lat' dir='ltr'><strong>modo</strong></span> <span class='ocrx_word' id='word_1_128' title='bbox 754 2205 903 2287; x_wconf 91' lang='lat' dir='ltr'><strong>procedi</strong></span> <span class='ocrx_word' id='word_1_129' title='bbox 922 2212 1052 2287; x_wconf 90' lang='lat' dir='ltr'><strong>potest,</strong></span> <span class='ocrx_word' id='word_1_130' title='bbox 1070 2222 1213 2286; x_wconf 88' lang='lat' dir='ltr'><strong>nempe,</strong></span> <span class='ocrx_word' id='word_1_131' title='bbox 1245 2189 1447 2276; x_wconf 68' lang='lat' dir='ltr'><strong>ordinarie,</strong></span> <span class='ocrx_word' id='word_1_132' title='bbox 1543 2191 1544 2272; x_wconf 66' lang='grc' dir='ltr'><strong>Ῑ</strong></span> 
     </span>
    </p>
   </div>
   <div class='ocr_carea' id='block_1_11' title="bbox 312 2310 1544 2395">
    <p class='ocr_par' dir='ltr' id='par_1_11' title="bbox 312 2310 1544 2395">
     <span class='ocr_line' id='line_1_19' title="bbox 312 2310 1544 2395; baseline -0.002 -19"><span class='ocrx_word' id='word_1_133' title='bbox 312 2313 523 2376; x_wconf 72' lang='lat' dir='ltr'><strong>subsidiaria</strong></span> <span class='ocrx_word' id='word_1_134' title='bbox 538 2323 573 2376; x_wconf 88' lang='lat' dir='ltr'><strong>et</strong></span> <span class='ocrx_word' id='word_1_135' title='bbox 591 2313 887 2392; x_wconf 72' lang='lat' dir='ltr'><strong>entraordinart&#39;e,·</strong></span> <span class='ocrx_word' id='word_1_136' title='bbox 904 2312 1084 2377; x_wconf 81' lang='lat' dir='ltr'><strong>ordinarie</strong></span> <span class='ocrx_word' id='word_1_137' title='bbox 1108 2330 1172 2376; x_wconf 88' lang='lat' dir='ltr'><strong>seu</strong></span> <span class='ocrx_word' id='word_1_138' title='bbox 1193 2329 1257 2392; x_wconf 87' lang='lat' dir='ltr'><strong>per</strong></span> <span class='ocrx_word' id='word_1_139' title='bbox 1286 2310 1450 2395; x_wconf 78' lang='lat' dir='ltr'><strong>rapulam</strong></span> <span class='ocrx_word' id='word_1_140' title='bbox 1543 2327 1544 2374; x_wconf 75' lang='lat' dir='ltr'><strong>t</strong></span> 
     </span>
    </p>
   </div>
   <div class='ocr_carea' id='block_1_12' title="bbox 313 2416 1451 2499">
    <p class='ocr_par' dir='ltr' id='par_1_12' title="bbox 313 2393 1544 2502">
     <span class='ocr_line' id='line_1_20' title="bbox 313 2416 1451 2499; baseline -0.002 -18"><span class='ocrx_word' id='word_1_141' title='bbox 313 2419 538 2499; x_wconf 85' lang='lat' dir='ltr'><strong>generalem,</strong></span> <span class='ocrx_word' id='word_1_142' title='bbox 558 2417 720 2482; x_wconf 88' lang='lat' dir='ltr'><strong>ordinem</strong></span> <span class='ocrx_word' id='word_1_143' title='bbox 736 2417 947 2497; x_wconf 90' lang='lat' dir='ltr'><strong>judicialem</strong></span> <span class='ocrx_word' id='word_1_144' title='bbox 973 2437 994 2481; x_wconf 89' lang='lat' dir='ltr'><strong>a</strong></span> <span class='ocrx_word' id='word_1_145' title='bbox 1023 2417 1045 2480; x_wconf 87' lang='lat' dir='ltr'>J</span> <span class='ocrx_word' id='word_1_146' title='bbox 1050 2435 1112 2481; x_wconf 90' lang='lat' dir='ltr'><strong>ure</strong></span> <span class='ocrx_word' id='word_1_147' title='bbox 1130 2416 1319 2480; x_wconf 86' lang='lat' dir='ltr'><strong>Communi</strong></span> <span class='ocrx_word' id='word_1_148' title='bbox 1337 2431 1451 2496; x_wconf 90' lang='lat' dir='ltr'><strong>prae·</strong></span> 
     </span>
    </p>
   </div>
   <div class='ocr_carea' id='block_1_13' title="bbox 315 2521 1544 2605">
    <p class='ocr_par' dir='ltr' id='par_1_13' title="bbox 315 2521 1544 2605">
     <span class='ocr_line' id='line_1_21' title="bbox 315 2521 1544 2605; baseline -0.001 -19"><span class='ocrx_word' id='word_1_149' title='bbox 315 2525 489 2605; x_wconf 89' lang='lat' dir='ltr'><strong>scriptum</strong></span> <span class='ocrx_word' id='word_1_150' title='bbox 519 2522 714 2603; x_wconf 84' lang='lat' dir='ltr'><strong>servando,</strong></span> <span class='ocrx_word' id='word_1_151' title='bbox 735 2541 815 2587; x_wconf 90' lang='lat' dir='ltr'><strong>cum</strong></span> <span class='ocrx_word' id='word_1_152' title='bbox 833 2523 877 2586; x_wconf 89' lang='lat' dir='ltr'><strong>de</strong></span> <span class='ocrx_word' id='word_1_153' title='bbox 895 2523 1105 2588; x_wconf 87' lang='lat' dir='ltr'><strong>criminibus</strong></span> <span class='ocrx_word' id='word_1_154' title='bbox 1123 2522 1278 2604; x_wconf 88' lang='lat' dir='ltr'><strong>publicis</strong></span> <span class='ocrx_word' id='word_1_155' title='bbox 1297 2521 1450 2584; x_wconf 89' lang='lat' dir='ltr'><strong>disseri·</strong></span> <span class='ocrx_word' id='word_1_156' title='bbox 1543 2563 1544 2592; x_wconf 57' lang='lat'><strong>,</strong></span> 
     </span>
    </p>
   </div>
   <div class='ocr_carea' id='block_1_14' title="bbox 316 2627 1447 2713">
    <p class='ocr_par' dir='ltr' id='par_1_14' title="bbox 316 2603 1544 2713">
     <span class='ocr_line' id='line_1_22' title="bbox 316 2627 1447 2713; baseline -0.004 -22"><span class='ocrx_word' id='word_1_157' title='bbox 316 2637 387 2708; x_wconf 88' lang='lat' dir='ltr'><strong>tut;</strong></span> <span class='ocrx_word' id='word_1_158' title='bbox 406 2632 615 2695; x_wconf 74' lang='lat' dir='ltr'><strong>subsidiaria</strong></span> <span class='ocrx_word' id='word_1_159' title='bbox 632 2647 695 2694; x_wconf 90' lang='lat' dir='ltr'><strong>seu</strong></span> <span class='ocrx_word' id='word_1_160' title='bbox 714 2647 778 2710; x_wconf 90' lang='lat' dir='ltr'><strong>per</strong></span> <span class='ocrx_word' id='word_1_161' title='bbox 797 2631 1071 2713; x_wconf 78' lang='lat' dir='ltr'><strong>supplementum</strong></span> <span class='ocrx_word' id='word_1_162' title='bbox 1104 2629 1196 2710; x_wconf 87' lang='lat' dir='ltr'><strong>legis</strong></span> <span class='ocrx_word' id='word_1_163' title='bbox 1225 2627 1447 2706; x_wconf 87' lang='lat' dir='ltr'><strong>canonicae,</strong></span> 
     </span>
    </p>
   </div>
   <div class='ocr_carea' id='block_1_15' title="bbox 291 2733 1544 3135">
    <p class='ocr_par' dir='ltr' id='par_1_15' title="bbox 291 2733 1544 3135">
     <span class='ocr_line' id='line_1_23' title="bbox 291 2733 1544 2816; baseline -0.002 -18"><span class='ocrx_word' id='word_1_164' title='bbox 291 2757 294 2762; x_wconf 94' lang='lat'>·</span> <span class='ocrx_word' id='word_1_165' title='bbox 315 2735 492 2798; x_wconf 86' lang='lat' dir='ltr'><strong>facultate</strong></span> <span class='ocrx_word' id='word_1_166' title='bbox 510 2735 780 2814; x_wconf 77' lang='lat' dir='ltr'><strong>extraJudiciali</strong></span> <span class='ocrx_word' id='word_1_167' title='bbox 797 2755 818 2798; x_wconf 88' lang='lat' dir='ltr'><strong>a</strong></span> <span class='ocrx_word' id='word_1_168' title='bbox 835 2735 1047 2798; x_wconf 82' lang='lat' dir='ltr'><strong>Tridentina</strong></span> <span class='ocrx_word' id='word_1_169' title='bbox 1077 2733 1222 2816; x_wconf 86' lang='lat' dir='ltr'><strong>Synodo</strong></span> <span class='ocrx_word' id='word_1_170' title='bbox 1251 2735 1289 2798; x_wconf 93' lang='lat' dir='ltr'><strong>in</strong></span> <span class='ocrx_word' id='word_1_171' title='bbox 1319 2733 1449 2814; x_wconf 90' lang='lat' dir='ltr'><strong>capite</strong></span> <span class='ocrx_word' id='word_1_172' title='bbox 1543 2739 1544 2782; x_wconf 67' lang='grc' dir='ltr'>ἐ</span> 
     </span>
     <span class='ocr_line' id='line_1_24' title="bbox 319 2837 1544 2923; baseline -0.003 -17"><span class='ocrx_word' id='word_1_173' title='bbox 319 2837 401 2906; x_wconf 78' lang='lat' dir='ltr'><strong>Cum</strong></span> <span class='ocrx_word' id='word_1_174' title='bbox 417 2840 590 2906; x_wconf 71' lang='lat' dir='ltr'><strong>leonantius</strong></span> <span class='ocrx_word' id='word_1_175' title='bbox 603 2839 792 2922; x_wconf 86' lang='lat' dir='ltr'><strong>Episcopis</strong></span> <span class='ocrx_word' id='word_1_176' title='bbox 808 2857 982 2905; x_wconf 89' lang='lat' dir='ltr'><strong>concessa</strong></span> <span class='ocrx_word' id='word_1_177' title='bbox 996 2841 1144 2923; x_wconf 92' lang='lat' dir='ltr'><strong>utendo,</strong></span> <span class='ocrx_word' id='word_1_178' title='bbox 1160 2840 1307 2922; x_wconf 88' lang='lat' dir='ltr'><strong>quando</strong></span> <span class='ocrx_word' id='word_1_179' title='bbox 1321 2856 1449 2904; x_wconf 89' lang='lat' dir='ltr'><strong>sermo</strong></span> <span class='ocrx_word' id='word_1_180' title='bbox 1543 2883 1544 2886; x_wconf 63' lang='lat'><strong>,</strong></span> 
     </span>
     <span class='ocr_line' id='line_1_25' title="bbox 315 2945 1544 3030; baseline -0.002 -20"><span class='ocrx_word' id='word_1_181' title='bbox 315 2951 372 3010; x_wconf 90' lang='lat' dir='ltr'><strong>est</strong></span> <span class='ocrx_word' id='word_1_182' title='bbox 388 2946 431 3010; x_wconf 90' lang='lat' dir='ltr'><strong>de</strong></span> <span class='ocrx_word' id='word_1_183' title='bbox 446 2947 587 3010; x_wconf 90' lang='lat' dir='ltr'><strong>delictis</strong></span> <span class='ocrx_word' id='word_1_184' title='bbox 606 2947 759 3010; x_wconf 91' lang='lat' dir='ltr'><strong>occultis</strong></span> <span class='ocrx_word' id='word_1_185' title='bbox 773 2953 873 3010; x_wconf 89' lang='lat' dir='ltr'><strong>certo</strong></span> <span class='ocrx_word' id='word_1_186' title='bbox 891 2949 1060 3030; x_wconf 83' lang='lat' dir='ltr'><strong>cognitis,</strong></span> <span class='ocrx_word' id='word_1_187' title='bbox 1080 2965 1175 3030; x_wconf 90' lang='lat' dir='ltr'><strong>quae</strong></span> <span class='ocrx_word' id='word_1_188' title='bbox 1191 2954 1328 3010; x_wconf 91' lang='lat' dir='ltr'><strong>tamem</strong></span> <span class='ocrx_word' id='word_1_189' title='bbox 1349 2945 1450 3026; x_wconf 90' lang='lat' dir='ltr'><strong>judi·</strong></span> <span class='ocrx_word' id='word_1_190' title='bbox 1543 2955 1544 3026; x_wconf 62' lang='lat' dir='ltr'>J</span> 
     </span>
     <span class='ocr_line' id='line_1_26' title="bbox 315 3052 1450 3135; baseline 0 -20"><span class='ocrx_word' id='word_1_191' title='bbox 315 3053 460 3118; x_wconf 89' lang='lat' dir='ltr'><strong>cialiter</strong></span> <span class='ocrx_word' id='word_1_192' title='bbox 475 3052 623 3134; x_wconf 90' lang='lat' dir='ltr'><strong>probari</strong></span> <span class='ocrx_word' id='word_1_193' title='bbox 650 3059 845 3134; x_wconf 80' lang='lat' dir='ltr'><strong>nequeuut3</strong></span> <span class='ocrx_word' id='word_1_194' title='bbox 861 3055 1144 3120; x_wconf 75' lang='lat' dir='ltr'><strong>ectraordiuarie</strong></span> <span class='ocrx_word' id='word_1_195' title='bbox 1169 3071 1234 3118; x_wconf 90' lang='lat' dir='ltr'><strong>scu</strong></span> <span class='ocrx_word' id='word_1_196' title='bbox 1251 3070 1317 3135; x_wconf 90' lang='lat' dir='ltr'><strong>pet</strong></span> <span class='ocrx_word' id='word_1_197' title='bbox 1348 3071 1450 3116; x_wconf 75' lang='lat' dir='ltr'><strong>exce·</strong></span> 
     </span>
    </p>
   </div>
   <div class='ocr_carea' id='block_1_16' title="bbox 309 3157 1450 3247">
    <p class='ocr_par' dir='ltr' id='par_1_16' title="bbox 309 3157 1544 3252">
     <span class='ocr_line' id='line_1_27' title="bbox 309 3157 1450 3247; baseline -0.003 -21"><span class='ocrx_word' id='word_1_198' title='bbox 309 3163 478 3247; x_wconf 81' lang='lat' dir='ltr'><strong>ptionem,</strong></span> <span class='ocrx_word' id='word_1_199' title='bbox 494 3158 768 3239; x_wconf 88' lang='lat' dir='ltr'><strong>suspensionem</strong></span> <span class='ocrx_word' id='word_1_200' title='bbox 782 3177 827 3222; x_wconf 87' lang='lat' dir='ltr'><strong>ex</strong></span> <span class='ocrx_word' id='word_1_201' title='bbox 841 3160 1037 3224; x_wconf 86' lang='lat' dir='ltr'><strong>informata</strong></span> <span class='ocrx_word' id='word_1_202' title='bbox 1051 3159 1275 3224; x_wconf 88' lang='lat' dir='ltr'><strong>conscicntia</strong></span> <span class='ocrx_word' id='word_1_203' title='bbox 1290 3157 1450 3222; x_wconf 83' lang='lat' dir='ltr'><strong>ferendo</strong></span> 
     </span>
    </p>
   </div>
   <div class='ocr_carea' id='block_1_17' title="bbox 317 3263 1544 3559">
    <p class='ocr_par' dir='ltr' id='par_1_17' title="bbox 317 3263 1544 3559">
     <span class='ocr_line' id='line_1_28' title="bbox 318 3263 1450 3348; baseline -0.006 -16"><span class='ocrx_word' id='word_1_204' title='bbox 318 3269 356 3332; x_wconf 89' lang='lat' dir='ltr'><strong>vi</strong></span> <span class='ocrx_word' id='word_1_205' title='bbox 385 3265 545 3348; x_wconf 89' lang='lat' dir='ltr'><strong>ejusdem</strong></span> <span class='ocrx_word' id='word_1_206' title='bbox 559 3263 794 3328; x_wconf 86' lang='lat' dir='ltr'><strong>Tridentinae</strong></span> <span class='ocrx_word' id='word_1_207' title='bbox 811 3265 1015 3348; x_wconf 88' lang='lat' dir='ltr'><strong>potestatis,</strong></span> <span class='ocrx_word' id='word_1_208' title='bbox 1035 3265 1065 3330; x_wconf 90' lang='lat' dir='ltr'><strong>si</strong></span> <span class='ocrx_word' id='word_1_209' title='bbox 1082 3266 1227 3348; x_wconf 89' lang='lat' dir='ltr'><strong>quando</strong></span> <span class='ocrx_word' id='word_1_210' title='bbox 1246 3265 1291 3328; x_wconf 92' lang='lat' dir='ltr'><strong>de</strong></span> <span class='ocrx_word' id='word_1_211' title='bbox 1308 3263 1450 3327; x_wconf 90' lang='lat' dir='ltr'><strong>delicto</strong></span> 
     </span>
     <span class='ocr_line' id='line_1_29' title="bbox 317 3370 1544 3456; baseline -0.005 -19"><span class='ocrx_word' id='word_1_212' title='bbox 317 3373 427 3437; x_wconf 86' lang='lat' dir='ltr'><strong>etiam</strong></span> <span class='ocrx_word' id='word_1_213' title='bbox 445 3371 590 3453; x_wconf 92' lang='lat' dir='ltr'><strong>publico</strong></span> <span class='ocrx_word' id='word_1_214' title='bbox 608 3377 751 3452; x_wconf 87' lang='lat' dir='ltr'><strong>agatur,</strong></span> <span class='ocrx_word' id='word_1_215' title='bbox 770 3389 814 3434; x_wconf 87' lang='lat' dir='ltr'><strong>ex</strong></span> <span class='ocrx_word' id='word_1_216' title='bbox 832 3371 905 3434; x_wconf 86' lang='lat' dir='ltr'><strong>alia</strong></span> <span class='ocrx_word' id='word_1_217' title='bbox 923 3377 1028 3452; x_wconf 88' lang='lat' dir='ltr'><strong>parte</strong></span> <span class='ocrx_word' id='word_1_218' title='bbox 1044 3373 1224 3456; x_wconf 78' lang='lat' dir='ltr'><strong>punitione</strong></span> <span class='ocrx_word' id='word_1_219' title='bbox 1258 3370 1369 3451; x_wconf 84' lang='lat' dir='ltr'><strong>digno</strong></span> <span class='ocrx_word' id='word_1_220' title='bbox 1400 3370 1453 3434; x_wconf 89' lang='lat' dir='ltr'><strong>ad</strong></span> <span class='ocrx_word' id='word_1_221' title='bbox 1543 3385 1544 3444; x_wconf 56' lang='grc' dir='ltr'>ᾗ</span> 
     </span>
     <span class='ocr_line' id='line_1_30' title="bbox 317 3476 1544 3559; baseline -0.004 -19"><span class='ocrx_word' id='word_1_222' title='bbox 317 3477 530 3544; x_wconf 85' lang='lat' dir='ltr'><strong>scandalum</strong></span> <span class='ocrx_word' id='word_1_223' title='bbox 547 3477 790 3558; x_wconf 89' lang='lat' dir='ltr'><strong>reparandum</strong></span> <span class='ocrx_word' id='word_1_224' title='bbox 809 3477 866 3540; x_wconf 84' lang='lat' dir='ltr'><strong>vel</strong></span> <span class='ocrx_word' id='word_1_225' title='bbox 881 3483 1034 3558; x_wconf 86' lang='lat' dir='ltr'><strong>peccata</strong></span> <span class='ocrx_word' id='word_1_226' title='bbox 1051 3477 1217 3559; x_wconf 87' lang='lat' dir='ltr'><strong>vitanda,</strong></span> <span class='ocrx_word' id='word_1_227' title='bbox 1234 3495 1281 3541; x_wconf 86' lang='lat' dir='ltr'><strong>ex</strong></span> <span class='ocrx_word' id='word_1_228' title='bbox 1294 3476 1372 3540; x_wconf 90' lang='lat' dir='ltr'><strong>alia</strong></span> <span class='ocrx_word' id='word_1_229' title='bbox 1385 3493 1453 3538; x_wconf 88' lang='lat' dir='ltr'><strong>au·</strong></span> <span class='ocrx_word' id='word_1_230' title='bbox 1543 3491 1544 3524; x_wconf 67' lang='lat'>1</span> 
     </span>
    </p>
   </div>
   <div class='ocr_carea' id='block_1_18' title="bbox 318 3577 1544 4296">
    <p class='ocr_par' dir='ltr' id='par_1_18' title="bbox 318 3577 1544 4296">
     <span class='ocr_line' id='line_1_31' title="bbox 318 3577 1544 3664; baseline -0.002 -16"><span class='ocrx_word' id='word_1_231' title='bbox 318 3593 392 3648; x_wconf 89' lang='lat' dir='ltr'><strong>tem</strong></span> <span class='ocrx_word' id='word_1_232' title='bbox 405 3581 629 3662; x_wconf 86' lang='lat' dir='ltr'><strong>judicialiter</strong></span> <span class='ocrx_word' id='word_1_233' title='bbox 645 3583 844 3664; x_wconf 78' lang='lat' dir='ltr'><strong>iozpuaibiti</strong></span> <span class='ocrx_word' id='word_1_234' title='bbox 858 3582 901 3644; x_wconf 91' lang='lat' dir='ltr'><strong>ob</strong></span> <span class='ocrx_word' id='word_1_235' title='bbox 920 3583 1141 3662; x_wconf 87' lang='lat' dir='ltr'><strong>gravissima</strong></span> <span class='ocrx_word' id='word_1_236' title='bbox 1157 3583 1325 3664; x_wconf 88' lang='lat' dir='ltr'><strong>pericula</strong></span> <span class='ocrx_word' id='word_1_237' title='bbox 1341 3589 1379 3646; x_wconf 92' lang='lat' dir='ltr'><strong>et</strong></span> <span class='ocrx_word' id='word_1_238' title='bbox 1393 3582 1451 3645; x_wconf 90' lang='lat' dir='ltr'><strong>in·</strong></span> <span class='ocrx_word' id='word_1_239' title='bbox 1543 3577 1544 3664; x_wconf 48' lang='lat'><strong>,</strong></span> 
     </span>
     <span class='ocr_line' id='line_1_32' title="bbox 318 3673 1544 3770; baseline -0.001 -16"><span class='ocrx_word' id='word_1_240' title='bbox 318 3687 520 3768; x_wconf 89' lang='lat' dir='ltr'><strong>commoda,</strong></span> <span class='ocrx_word' id='word_1_241' title='bbox 542 3705 634 3768; x_wconf 90' lang='lat' dir='ltr'><strong>quae</strong></span> <span class='ocrx_word' id='word_1_242' title='bbox 650 3687 840 3769; x_wconf 86' lang='lat' dir='ltr'><strong>Episcopis</strong></span> <span class='ocrx_word' id='word_1_243' title='bbox 854 3706 899 3752; x_wconf 84' lang='lat' dir='ltr'><strong>ex</strong></span> <span class='ocrx_word' id='word_1_244' title='bbox 916 3705 1090 3770; x_wconf 85' lang='lat' dir='ltr'><strong>processu</strong></span> <span class='ocrx_word' id='word_1_245' title='bbox 1103 3689 1262 3770; x_wconf 90' lang='lat' dir='ltr'><strong>juridico</strong></span> <span class='ocrx_word' id='word_1_246' title='bbox 1281 3689 1451 3754; x_wconf 91' lang='lat' dir='ltr'><strong>immine·</strong></span> <span class='ocrx_word' id='word_1_247' title='bbox 1543 3673 1544 3678; x_wconf 6' lang='grc' dir='ltr'>ἵ</span> 
     </span>
     <span class='ocr_line' id='line_1_33' title="bbox 319 3793 1544 3884; baseline 0.002 -22"><span class='ocrx_word' id='word_1_248' title='bbox 319 3801 410 3876; x_wconf 90' lang='lat' dir='ltr'><strong>rent,</strong></span> <span class='ocrx_word' id='word_1_249' title='bbox 425 3794 504 3858; x_wconf 90' lang='lat' dir='ltr'><strong>sive</strong></span> <span class='ocrx_word' id='word_1_250' title='bbox 536 3797 684 3874; x_wconf 88' lang='lat' dir='ltr'><strong>propter</strong></span> <span class='ocrx_word' id='word_1_251' title='bbox 702 3793 865 3858; x_wconf 87' lang='lat' dir='ltr'><strong>Statuum</strong></span> <span class='ocrx_word' id='word_1_252' title='bbox 883 3801 945 3858; x_wconf 90' lang='lat' dir='ltr'><strong>aut</strong></span> <span class='ocrx_word' id='word_1_253' title='bbox 961 3794 1171 3876; x_wconf 91' lang='lat' dir='ltr'><strong>Principum</strong></span> <span class='ocrx_word' id='word_1_254' title='bbox 1185 3795 1449 3880; x_wconf 90' lang='lat' dir='ltr'><strong>hostilitatem,</strong></span> <span class='ocrx_word' id='word_1_255' title='bbox 1543 3793 1544 3884; x_wconf 53' lang='grc' dir='ltr'>ᾗ</span> 
     </span>
     <span class='ocr_line' id='line_1_34' title="bbox 319 3897 1454 3982; baseline 0.001 -13"><span class='ocrx_word' id='word_1_256' title='bbox 319 3907 399 3970; x_wconf 90' lang='lat' dir='ltr'><strong>sive</strong></span> <span class='ocrx_word' id='word_1_257' title='bbox 415 3904 565 3982; x_wconf 90' lang='lat' dir='ltr'><strong>propter</strong></span> <span class='ocrx_word' id='word_1_258' title='bbox 581 3897 741 3980; x_wconf 89' lang='lat' dir='ltr'><strong>iniquam</strong></span> <span class='ocrx_word' id='word_1_259' title='bbox 759 3901 878 3982; x_wconf 89' lang='lat' dir='ltr'><strong>legum</strong></span> <span class='ocrx_word' id='word_1_260' title='bbox 896 3901 1059 3965; x_wconf 87' lang='lat' dir='ltr'><strong>civilium</strong></span> <span class='ocrx_word' id='word_1_261' title='bbox 1078 3903 1323 3982; x_wconf 88' lang='lat' dir='ltr'><strong>sanctionem,</strong></span> <span class='ocrx_word' id='word_1_262' title='bbox 1350 3903 1454 3972; x_wconf 87' lang='lat' dir='ltr'><strong>deie-</strong></span> 
     </span>
     <span class='ocr_line' id='line_1_35' title="bbox 318 4001 1455 4092; baseline 0.004 -20"><span class='ocrx_word' id='word_1_263' title='bbox 318 4004 444 4084; x_wconf 88' lang='lat' dir='ltr'><strong>ctioni,</strong></span> <span class='ocrx_word' id='word_1_264' title='bbox 464 4001 654 4065; x_wconf 89' lang='lat' dir='ltr'><strong>rebellioni</strong></span> <span class='ocrx_word' id='word_1_265' title='bbox 673 4003 732 4066; x_wconf 89' lang='lat' dir='ltr'><strong>vel</strong></span> <span class='ocrx_word' id='word_1_266' title='bbox 749 4005 894 4086; x_wconf 86' lang='lat' dir='ltr'><strong>flagitiis</strong></span> <span class='ocrx_word' id='word_1_267' title='bbox 923 4007 1141 4071; x_wconf 89' lang='lat' dir='ltr'><strong>clericorum</strong></span> <span class='ocrx_word' id='word_1_268' title='bbox 1158 4007 1382 4092; x_wconf 85' lang='lat' dir='ltr'><strong>faventium,</strong></span> <span class='ocrx_word' id='word_1_269' title='bbox 1404 4013 1455 4076; x_wconf 92' lang='lat' dir='ltr'><strong>si·</strong></span> 
     </span>
     <span class='ocr_line' id='line_1_36' title="bbox 319 4109 1455 4198; baseline 0.004 -20"><span class='ocrx_word' id='word_1_270' title='bbox 319 4133 368 4178; x_wconf 87' lang='lat' dir='ltr'><strong>ve</strong></span> <span class='ocrx_word' id='word_1_271' title='bbox 381 4111 521 4174; x_wconf 86' lang='lat' dir='ltr'><strong>demum</strong></span> <span class='ocrx_word' id='word_1_272' title='bbox 539 4112 687 4188; x_wconf 86' lang='lat' dir='ltr'><strong>propter</strong></span> <span class='ocrx_word' id='word_1_273' title='bbox 704 4109 868 4174; x_wconf 89' lang='lat' dir='ltr'><strong>timorem</strong></span> <span class='ocrx_word' id='word_1_274' title='bbox 887 4129 1024 4192; x_wconf 90' lang='lat' dir='ltr'><strong>poenas</strong></span> <span class='ocrx_word' id='word_1_275' title='bbox 1040 4112 1219 4178; x_wconf 89' lang='lat' dir='ltr'><strong>subeundi</strong></span> <span class='ocrx_word' id='word_1_276' title='bbox 1237 4133 1304 4198; x_wconf 89' lang='lat' dir='ltr'><strong>per</strong></span> <span class='ocrx_word' id='word_1_277' title='bbox 1322 4133 1455 4184; x_wconf 88' lang='lat' dir='ltr'><strong>saecu·</strong></span> 
     </span>
     <span class='ocr_line' id='line_1_37' title="bbox 320 4216 853 4296; baseline -0.002 -15"><span class='ocrx_word' id='word_1_278' title='bbox 320 4219 436 4282; x_wconf 85' lang='lat' dir='ltr'><strong>larem</strong></span> <span class='ocrx_word' id='word_1_279' title='bbox 451 4218 667 4296; x_wconf 88' lang='lat' dir='ltr'><strong>potestatem</strong></span> <span class='ocrx_word' id='word_1_280' title='bbox 685 4216 853 4280; x_wconf 90' lang='lat' dir='ltr'><strong>inflictas.</strong></span> 
     </span>
    </p>
   </div>
   <div class='ocr_carea' id='block_1_19' title="bbox 0 0 1562 4986">
    <p class='ocr_par' dir='ltr' id='par_1_19' title="bbox 0 0 1562 4986">
     <span class='ocr_line' id='line_1_38' title="bbox 0 0 1562 4986; baseline 0 0"><span class='ocrx_word' id='word_1_281' title='bbox 0 0 1562 4986; x_wconf 95' lang='lat' dir='ltr'><strong> </strong></span> 
     </span>
    </p>
   </div>
  </div>
 </body>
</html>
