3038 4994
549 401 728 460 -199-

19 579 22 624 7
90 542 236 625 plurimis
265 544 492 610 documentis
521 545 642 611 evinci
665 551 789 627 posset
819 544 880 629 (i),
909 544 1039 609 saltem
1074 561 1197 610 asae·

89 649 157 714 culo
171 649 219 714 IV
236 654 339 715 certe
356 653 472 715 ortum
490 650 600 716 ducit.
635 649 821 732 Ejusmodi
853 650 1065 732 temporalis
1099 649 1195 716 Sum·

89 771 209 820 morum
246 755 462 822 Pontificum
500 756 699 822 dominatio
736 757 872 839 optimc
916 757 1000 838 jure
1041 762 1199 839 quatuor

19 869 20 894 ³
88 861 268 944 potissimis
286 863 407 927 causis
425 863 534 926 tribui
562 861 682 945 debet,
702 863 883 944 nimirum,
899 862 1036 927 divitiis
1066 865 1103 926 et
1135 880 1197 945 pa·

88 968 250 1034 trimoniis
268 951 462 1034 Ecclesiae
475 969 660 1035 Romanae
676 975 760 1052 post
775 987 905 1052 pacem
937 969 1198 1034 constantinia-

90 1091 169 1156 nam,
187 1076 302 1139 statui
317 1075 447 1140 sociali
461 1094 507 1140 ex
526 1077 763 1142 dissolutione
776 1075 926 1159 Imperii
943 1075 1096 1140 Romani
1113 1081 1200 1140 tunc
1270 1077 1274 1085 '

90 1182 245 1260 tempori·
284 1181 438 1264 vigenti,
475 1183 646 1265 publicae
677 1183 890 1266 populorum
923 1183 1105 1248 voluntati
1138 1183 1199 1265 qui

89 1291 223 1370 propter
247 1289 476 1354 incursiones
489 1289 734 1354 Barbarorum
763 1291 809 1355 ad
833 1289 1034 1372 Episcopus
1064 1289 1200 1354 Rornae

90 1394 347 1478 confugiebant,
365 1401 402 1460 ct
418 1396 575 1478 copiosis
590 1395 728 1478 Regum
745 1413 789 1460 ac
812 1377 1020 1479 Principum
1037 1396 1199 1478 largitio·

90 1499 191 1582 nibus,
210 1503 369 1567 devictis
387 1507 425 1566 et
437 1503 641 1585 subjugatis
666 1501 930 1585 Longobardis.

165 1607 238 1672 116.
292 1610 511 1674 Patrimocia
527 1609 716 1674 Ecclesiae.
735 1607 782 1673 Et
797 1611 914 1692 primo
939 1607 1083 1691 quidem
1112 1612 1198 1672 tem·

90 1713 235 1792 poralem
253 1715 415 1797 aliquam
430 1716 712 1780 dominationem
738 1716 774 1780 in
792 1717 953 1780 Romano
983 1714 1200 1780 Pontificatu

19 1849 20 1904 3
90 1819 255 1884 exstitisse
271 1837 319 1884 ex
336 1839 379 1885 eo
395 1821 548 1904 eruilur,
566 1822 661 1906 quod
680 1823 740 1887 vel
756 1842 778 1886 a
795 1821 1046 1886 remotissimis
1064 1828 1198 1902 tempo·

19 1933 20 1942 ¹
89 1925 172 1990 ribus
196 1927 431 1994 inveniamus
464 1927 666 1994 Ecclesiam
699 1929 911 2006 Romanam,
941 1928 1096 2010 ideoque
1121 1929 1199 2010 ejus

19 2021 22 2072 i
89 2027 279 2115 Pontifices,
298 2035 336 2097 in
355 2051 506 2116 quorum
524 2035 689 2099 manibus
708 2041 788 2099 erat
804 2033 992 2100 Ecclesiae
1023 2034 1200 2098 bonorum

19 2175 21 2194 l
90 2135 341 2204 administratio
360 2158 405 2204 ac
415 2140 634 2222 distributio,
663 2141 802 2206 divitiis
827 2141 1045 2220 abundasse,
1065 2155 1199 2222 easque

91 2242 127 2306 ad
142 2261 328 2312 commune
345 2245 534 2311 Ecclesiae
558 2247 785 2312 commodum
818 2253 854 2312 ct
883 2247 1040 2311 fidelium
1066 2245 1198 2309 utilita-

19 2381 20 2412 1
90 2350 148 2413 tem
164 2352 395 2434 expendisse.
420 2352 562 2417 Deinde
594 2359 714 2418 tractu
746 2353 932 2435 temporis,
951 2351 1198 2416 saevientibus

19 2477 21 2542 3
92 2455 191 2523 adhuc
206 2475 437 2542 paganorum
454 2459 781 2541 persecutionibus,
797 2465 873 2523 tum
889 2459 926 2523 in
950 2457 1117 2522 Ecclesia
1132 2457 1198 2520 Ro·

19 2553 21 2646 f
92 2577 193 2646 nans,
214 2567 340 2630 tumin
357 2566 566 2648 praecipuis
583 2566 715 2631 Italiae
733 2567 883 2632 urbibus
902 2569 1011 2649 atque
1028 2564 1199 2628 illustrio-

19 2669 20 2682 ’
90 2667 173 2734 ribus
189 2670 366 2736 Ecclesiis
380 2673 501 2754 ccepti
518 2677 602 2738 sunt
620 2673 760 2757 acquiri
779 2678 815 2737 et
828 2671 1007 2755 possideri
1033 2670 1135 2735 fundi
1164 2675 1200 2734 et

19 2767 21 2854 ἶ
91 2773 342 2860 bonastabilia;
362 2797 456 2862 quac
473 2797 553 2845 cum
567 2781 603 2844 in
619 2781 695 2845 dies
712 2781 875 2863 singulos
894 2779 1109 2844 mirabiliter
1139 2797 1199 2843 au·

19 2951 20 2962 ,
91 2891 259 2964 gerentur,
275 2886 366 2950 adeo
381 2886 484 2950 diues
509 2887 629 2952 evasit
662 2887 829 2951 Ecclesia
861 2887 971 2952 ctiam
1004 2890 1200 2968 antequam

92 3002 167 3066 pace
182 2993 378 3076 frueretur,
398 2995 436 3056 ut
453 2993 610 3074 plurima
628 2993 780 3075 praedia
807 2999 1028 3058 numeraret.
1047 2993 1200 3056 Demum

93 3101 159 3172 post
174 3096 405 3163 Constantini
421 3099 698 3163 conversionem
712 3103 914 3182 proventus
929 3099 1117 3163 Ecclesiae
1133 3097 1199 3160 Ro·

93 3213 446 3286 munaesummopere
470 3203 1199 3286 excreveruntexliberalitatepiilmpe·
1241 3269 1244 3276 ,

19 3423 20 3426 ,
93 3409 263 3426 κ*

19 3611 20 3638 ,
152 3572 191 3642 (il
227 3573 423 3627 consulantur
434 3575 580 3628 luculenta
592 3574 758 3627 testimonia
771 3571 905 3640 Dionysii
918 3569 1129 3624 Corinthiorum
1139 3573 1201 3639 Epi·

19 3639 20 3654 ¹
94 3644 157 3708 scopi
166 3645 194 3697 in
208 3648 332 3712 epistola
344 3646 381 3698 sd
394 3643 540 3698 Romanos
552 3645 659 3712 script-a
671 3644 726 3697 sub
743 3644 915 3697 Pontificatu
931 3641 959 3697 S.
973 3642 1074 3707 Soteri,
1088 3647 1117 3696 ct
1135 3645 1201 3696 alte·

94 3709 140 3765 rius
152 3713 281 3784 Dionysii
294 3715 486 3770 Alexandriae
498 3717 644 3769 Antistitis
657 3719 686 3770 in
694 3716 816 3783 epistola
825 3715 911 3768 etiarn
931 3715 966 3766 ad
981 3715 1010 3768 S.
1024 3716 1201 3782 Stephanum

19 3795 21 3800 '
93 3777 191 3854 Papam,
204 3788 251 3841 nbi
263 3787 395 3840 meminit
407 3787 552 3840 Ecclesiae
578 3785 725 3840 Romanae
744 3785 923 3840 liberalitatis
947 3801 1015 3850 erga
1039 3783 1150 3851 Syriam
1172 3789 1201 3836 et

94 3851 218 3925 Arabiam,
232 3858 338 3925 quibus
355 3862 517 3912 necessaria
524 3857 735 3925 suppeditabat,
749 3857 790 3910 uti
799 3857 895 3910 videre
905 3860 949 3908 est
958 3857 1032 3922 apud
1044 3855 1200 3908 Eusebium

19 3969 20 3976 η
94 3920 165 3984 (Risi.
178 3925 251 3982 Eccl.
263 3928 311 3982 lib.
327 3929 378 3997 lV,
392 3945 445 3996 cap
471 3929 539 3992 XX,
551 3934 581 3982 et
593 3928 641 3980 lib.
657 3929 721 3991 VIl,
747 3943 808 3995 cap.
834 3929 880 3992 V);
903 3929 1063 3980 recolantur
1088 3941 1201 3994 quoque

94 3998 252 4062 appositam
265 4017 324 4053 rem
335 4002 505 4067 rescriptum
518 3999 675 4052 Alexandri
688 4000 785 4052 Severi
799 4014 850 4065 pro
859 3998 1034 4062 christianis,
1053 3997 1201 4050 Aureliani

19 4123 21 4134 ,
94 4061 220 4124 decatum
234 4077 334 4125 contra
346 4070 469 4124 Paulum
483 4073 711 4136 samosatenum,
728 4075 758 4123 et
779 4069 994 4122 celeberrimum
1014 4069 1139 4121 edictum
1164 4068 1201 4121 ab

95 4133 296 4206 imperatoribus
310 4139 503 4196 Constantino
516 4147 545 4194 et
558 4142 676 4204 Licinio,
690 4156 760 4208 pace
773 4141 918 4194 Ecclesiae
942 4139 1062 4202 reddita,
1077 4140 1202 4207 publica·

95 4208 153 4276 tum,
164 4228 235 4278 qnae
246 4215 344 4266 omnis
357 4213 528 4266 documenta
541 4212 607 4266 alibi
621 4213 792 4279 protulimus
806 4227 856 4279 pro
869 4211 1044 4264 vindicanda
1057 4211 1202 4264 Ecclesiae

97 4275 126 4329 ab
136 4279 222 4348 ipsios
235 4284 399 4352 primordiis
411 4287 554 4352 potestate
563 4284 728 4350 acquirendi
741 4285 770 4336 et
782 4282 957 4350 possidendi.
