3096 4986
696 675 958 744 ARTICULUS
986 677 1052 742 III.

761 853 1004 920 Suuunrnuu.

326 1035 366 1085 12.
380 1031 491 1084 Tertius
504 1031 612 1086 abusus
625 1033 802 1086 auctoritatis
813 1031 912 1086 civilis:
927 1032 1131 1100 Appellaticuee
1142 1028 1177 1084 ab
1200 1027 1287 1083 ubruu
1301 1025 1452 1092 (Recursus

395 1101 427 1154 de
434 1101 639 1171 semea).-l8.
653 1104 738 1168 Origo
751 1101 879 1156 historico
891 1103 1053 1168 hujusmodi
1074 1104 1181 1156 abusus
1206 1101 1236 1153 in
1258 1101 1450 1166 Hispania.-

399 1178 439 1226 14.
454 1173 595 1227 iudicium
609 1175 733 1228 criticum
746 1175 781 1228 de
794 1175 907 1226 diversa
917 1175 1089 1226 Recursurun
1101 1174 1238 1242 specie-
1248 1175 1287 1224 lc.
1303 1175 1451 1238 Aspectus

391 1243 530 1311 juridicus
542 1247 662 1314 hujusce
675 1247 940 1314 quaestionis-lii.
956 1247 1070 1298 Rrrores
1088 1245 1296 1296 Gallicanorum
1311 1260 1344 1296 uc
1360 1242 1451 1308 Rege·

395 1317 524 1369 listsrum
534 1317 586 1370 huc
600 1333 686 1386 super
698 1318 818 1371 rin—li.
833 1318 1006 1370 Ostendetur
1020 1315 1197 1379 Principibus
1210 1321 1238 1367 et
1252 1313 1451 1366 saecularibus

395 1390 610 1512 ωὖξῗῑηιίὺιιε
624 1393 740 1442 minime
754 1395 914 1456 competere
927 1389 974 1454 jus
1000 1388 1153 1452 recipiendi
1178 1387 1387 1454 appellationes
1412 1383 1451 1436 ab

395 1473 413 1512 u
485 1501 491 1513 .

416 1637 468 1700 12.
517 1637 618 1701 Inter
646 1639 779 1702 abusus
811 1633 998 1700 Ecclesiae
1017 1637 1222 1700 libertatem
1241 1633 1448 1714 laedentes,

326 1743 476 1824 ejusque
492 1745 740 1808 sacratissima
768 1745 854 1826 jura
885 1745 1142 1808 conculcantes
1174 1743 1352 1824 singulari
1371 1743 1450 1807 ani-

326 1849 581 1914 madversione
598 1858 634 1914 et
658 1851 735 1915 acri
753 1869 909 1914 censure
927 1851 1107 1914 notandus
1127 1853 1183 1913 est
1200 1849 1274 1928 ille,
1293 1850 1355 1932 qui
1380 1850 1451 1914 sub

326 1957 470 2019 nomine
488 1956 666 2021 Recursus
683 1975 748 2039 per
766 1958 840 2020 vim
874 1975 938 2022 seu
966 1956 1233 2038 Appellationis
1259 1957 1305 2018 ab
1331 1955 1452 2020 abusu

327 2063 492 2143 (Recursc
505 2065 546 2128 de
559 2065 696 2149 fuereo)
714 2065 828 2127 veuit.

414 2169 593 2233 Recursus
612 2170 747 2251 passim
776 2177 812 2233 et
845 2169 1082 2233 communiter
1115 2169 1151 2233 in
1181 2168 1315 2250 triplex
1333 2187 1452 2250 genus

326 2275 498 2358 distingui
515 2277 620 2358 solet,
640 2277 820 2355 nimirum,
836 2297 902 2360 per
921 2278 987 2340 eim
1007 2277 1061 2354 (de
1085 2277 1233 2362 suerso),
1262 2277 1451 2360 protectio-

326 2385 380 2447 uis
394 2391 431 2447 et
447 2385 618 2468 querellae
637 2385 692 2462 (de
708 2369 836 2470 coeptu:
868 2401 1035 2448 recursus
1048 2404 1114 2466 per
1131 2384 1199 2446 uim
1216 2388 1452 2464 nuncupatur

326 2501 429 2553 actus
443 2489 627 2571 judicialis
645 2491 705 2573 qui
723 2496 807 2553 ante
826 2491 1080 2554 auctoritatem
1111 2489 1256 2552 civilem
1286 2489 1452 2570 superio·
1541 2487 1543 2568 j

326 2612 403 2659 rem
431 2597 673 2678 interponitur
691 2605 820 2660 contra
845 2596 1004 2678 judicem
1036 2595 1326 2660 ecclesiasticum
1344 2597 1390 2660 de
1408 2615 1450 2661 re

327 2703 554 2766 contentiose
572 2705 729 2785 indebite,
745 2711 852 2784 prout
871 2703 998 2782 lertur,
1018 2711 1312 2783 cognoscentem.
1539 2777 1540 2791 χ

415 2808 594 2872 Recursus
613 2811 850 2890 protectionis
867 2815 1021 2872 vocatur
1038 2814 1139 2871 actus
1158 2809 1452 2890 extrujudicialis
1538 2879 1539 2882 ,

328 2915 388 2996 qui
405 2923 489 2978 ante
503 2917 757 2979 auctoritatem
775 2915 920 2978 civilem
940 2915 1272 2978 administrativem
1289 2916 1452 2997 interpo-

327 3021 424 3085 nitur
441 3039 462 3084 u
481 3021 614 3086 clerico
632 3021 692 3086 vel
710 3023 804 3085 laico
823 3027 950 3085 contra
962 3021 1120 3102 judicem
1142 3023 1450 3103 ecclesiasticum,
1536 3069 1537 3093 i

288 3163 295 3175 ·
327 3129 570 3209 gubernativa
588 3127 824 3209 dispositione
854 3128 1014 3209 iniquam
1042 3129 1316 3210 oppressionem
1347 3145 1453 3192 exer·

328 3239 482 3314 centem,
502 3234 618 3298 donec
650 3233 816 3315 superior
832 3233 1093 3316 hierarchicos,
1113 3252 1152 3298 re
1178 3236 1339 3318 cognita,
1355 3235 1452 3316 judi·
1534 3273 1535 3293 i

328 3340 420 3404 cium
436 3340 572 3403 tulerit.
1533 3357 1534 3395 l

417 3444 721 3508 Discriminantur
749 3443 859 3524 igitur
891 3443 1065 3523 ejusmodi
1085 3460 1279 3525 processus
1306 3443 1454 3508 ratione
1532 3433 1533 3495 l

327 3557 486 3630 naturae,
504 3554 682 3630 materiae,
698 3557 734 3614 et
750 3551 941 3634 superioris
954 3567 1017 3612 seu
1032 3551 1263 3613 auctoritatis
1278 3549 1325 3613 ad
1340 3569 1452 3632 quam
1531 3553 1532 3595 l

329 3656 548 3737 confugitur:
567 3657 708 3721 ratione
725 3665 883 3736 naturae,
903 3672 1071 3718 recursus
1098 3673 1162 3737 per
1181 3657 1255 3720 rim
1273 3663 1330 3720 est
1351 3659 1453 3744 judi·
1528 3629 1531 3698 i

328 3763 442 3844 ciclis,
461 3779 629 3826 recursus
646 3763 882 3844 protectionis
901 3779 999 3826 mere
1024 3763 1285 3846 quaternatium
1306 3766 1454 3830 ratione

328 4049 365 4104 cd
375 4049 502 4103 turcum
513 4049 680 4104 mmo
690 4049 803 4116 debitae,
816 4050 948 4118 uetulum
969 4049 1072 4119 ἱερίῠω
1084 4052 1168 4120 repul,
1191 4051 1313 4120 repotiis,
1326 4053 1457 4122 legitimis

328 4121 573 4179 conmetudiuibse.
594 4121 742 4176 concordiis
753 4126 780 4174 et
802 4121 867 4174 aliis
896 4121 1103 4189 quibuscumque
1119 4122 1234 4190 jur-ibus
1257 4123 1313 4191 ipsi
1336 4125 1456 4194 leyiliure

326 4192 459 4332 grerlergtis
467 4191 709 4262 rumpente
723 4191 772 4246 Sic
781 4209 822 4244 me
834 4190 912 4246 Deire
923 4192 1041 4260 educet,
1054 4197 1082 4247 et
1098 4193 1164 4248 laec
1176 4197 1273 4248 saucia
1284 4193 1341 4248 Dei
1365 4198 1458 4252 Evau-
