3028 4992
826 382 942 440 -350
963 415 1001 428 -

354 530 439 589 sunt
455 525 640 590 axiomata
656 541 720 589 sen
744 525 919 607 primaria
950 526 1147 608 principia,
1181 526 1260 589 sive
1290 525 1467 590 evidentia

354 631 518 712 mediato,
537 632 663 713 quales
680 631 861 696 habentur
875 632 1100 712 praemissae
1115 639 1178 695 aut
1193 632 1466 713 propositiones,

354 755 449 818 qnae
475 739 513 800 vi
530 737 847 800 demonstrationis
865 737 901 800 in
933 737 1110 801 veritates
1143 737 1383 800 axiomaticas
1409 754 1467 799 sen

356 845 526 908 evidentes
534 864 600 928 per
613 865 647 908 ee
665 843 787 906 reduci
807 853 968 924 possunt.
1004 841 1107 923 Quod
1136 845 1166 906 si
1201 844 1356 908 scientia
1386 851 1466 906 tam-

355 968 463 1032 quam
481 949 625 1014 habitus
637 950 865 1030 inspiciatur,
885 958 984 1014 recte
1016 950 1159 1014 definiri
1179 949 1292 1012 valet:
1327 947 1466 1032 Conrpte-
1500 971 1501 998 ÷

354 1077 422 1120 ane
434 1077 494 1120 seu
508 1057 661 1121 collectio
675 1057 859 1120 veritatum
876 1056 1190 1121 demonstratarum
1208 1063 1270 1120 cat
1304 1075 1386 1137 quae
1417 1054 1467 1118 de·

356 1165 544 1228 monstrari
558 1171 694 1246 queunt.
1500 1179 1501 1240 l

445 1269 548 1334 Nunc
565 1286 665 1350 vere,
680 1269 701 1334 J
706 1287 744 1332 us
762 1269 1049 1332 Internationale
1079 1267 1266 1332 Publicum
1285 1284 1413 1332 nomen
1428 1283 1467 1329 ac

356 1377 571 1457 dignitatem
591 1393 701 1440 verae
734 1377 910 1440 scientiae
939 1383 1110 1456 meretur,
1142 1377 1277 1457 quippe
1303 1375 1466 1438 veritates

356 1491 489 1564 certas,
509 1501 649 1546 necnon
668 1483 858 1548 evidenter
889 1491 1009 1546 certas
1042 1483 1309 1563 complectitur,
1328 1488 1399 1545 tum
1416 1480 1466 1543 de·

356 1597 589 1669 monstratas,
609 1589 693 1672 quia
711 1607 756 1652 cx
772 1589 960 1670 principiis
978 1589 1223 1652 axiomatibus
1237 1587 1465 1665 deducuntur,

356 1704 430 1760 tum
471 1695 784 1774 demonstrabiles,
819 1696 904 1777 quia
937 1694 1074 1777 absque
1109 1713 1245 1776 magna
1280 1695 1467 1758 dificultate

355 1805 515 1868 intuetur
533 1820 657 1866 earum
670 1821 784 1866 nexus
800 1819 879 1866 curn
898 1802 1087 1883 principiis
1107 1802 1336 1881 necessariis,
1354 1804 1467 1864 immu-

356 1909 527 1974 tabilibus
545 1917 655 1990 atque
685 1909 952 1972 universalibus
978 1908 1077 1972 Juris
1108 1907 1307 1986 Naturalis;
1333 1907 1396 1986 sic,
1415 1923 1465 1968 ex.

356 2035 411 2098 gr.
441 2015 644 2098 aequalitas
661 2020 697 2078 et
714 2015 999 2096 independentia
1025 2012 1204 2094 Statnum,
1224 2013 1375 2076 libertas
1404 2029 1466 2075 ma·

356 2124 461 2203 rium,
480 2113 691 2186 fraternitas
710 2124 867 2186 omnium
884 2121 1065 2185 hominurn
1095 2137 1207 2202 penes
1225 2127 1375 2184 cunctas
1391 2135 1466 2202 gen-

357 2237 412 2292 tes
431 2234 624 2292 censentur
651 2229 827 2292 veritates
857 2227 948 2291 adeo
978 2234 1102 2291 certae
1131 2245 1175 2290 ac
1208 2225 1467 2290 demonstratae

357 2355 421 2401 seu
439 2335 753 2415 demonstrabileS‚
775 2345 811 2398 ut
834 2335 970 2416 injusta
999 2335 1142 2400 invasio
1161 2333 1339 2409 Statuam,
1357 2350 1468 2398 mono·

357 2444 494 2526 polium
525 2444 771 2524 navigationis
789 2443 849 2507 vel
868 2443 1123 2506 commercium
1156 2442 1370 2523 nigritarum
1386 2457 1467 2503 sem·

358 2567 423 2632 per
441 2549 665 2632 putabuntur
681 2549 795 2612 veluti
812 2549 913 2613 iacta
929 2549 1071 2612 ratione
1101 2554 1137 2612 et
1167 2565 1276 2612 sensu
1302 2545 1468 2612 communi

357 2656 566 2738 reprobata,
584 2661 694 2737 atque
710 2655 747 2718 in
759 2654 780 2719 J
785 2673 847 2718 ure
860 2655 1140 2718 Internationali
1155 2654 1344 2736 punitione
1356 2653 1466 2734 digna.

446 2760 501 2823 21.
550 2761 619 2824 Pro
637 2761 862 2825 enucleando
880 2769 1058 2842 conceptu
1083 2761 1286 2825 scientifico
1303 2759 1325 2824 J
1330 2759 1397 2822 uris
1420 2757 1467 2820 In·

358 2867 611 2931 tornationalis
645 2868 703 2932 vel
733 2868 865 2932 leviter
898 2868 1083 2931 delineare
1115 2875 1261 2950 oportet
1293 2866 1468 2931 historiam

357 2973 464 3054 hujus
482 2991 600 3037 novae
619 2973 844 3054 disciplinae.

447 3077 608 3142 Historia
635 3081 810 3144 scientiae
834 3080 855 3145 J
860 3081 932 3144 nris
955 3079 1254 3146 Internationalis
1273 3081 1467 3146 denomina-

357 3194 427 3250 tur:
446 3188 597 3250 recensio
615 3187 852 3272 chronoloptca
879 3196 911 3252 et
927 3189 1053 3252 critica
1080 3190 1251 3272 copositio
1270 3189 1464 3262 scholarum,

357 3293 595 3356 doctrinarum
612 3301 712 3376 atque
729 3295 938 3376 opinionum,
964 3313 1050 3376 quae
1067 3293 1155 3358 hunc
1183 3295 1400 3359 recentiorem
1423 3291 1467 3354 di·

357 3399 543 3482 sciplinanr
559 3400 779 3481 constituunt,
798 3403 867 3464 nrzn
885 3420 962 3464 cum
984 3400 1060 3481 ejus
1076 3399 1330 3484 biblicprnpltia
1348 3407 1378 3464 et
1392 3397 1467 3480 juri·

358 3505 438 3568 dica
452 3505 664 3568 litteratura.

447 3609 820 3674 Animadvertendum
837 3617 893 3674 est
909 3612 1055 3678 minime
1080 3630 1160 3677 esse
1190 3609 1467 3677 confundendam

356 3715 545 3780 historiam
574 3716 754 3782 Scientias
781 3717 803 3781 J
808 3719 880 3782 uris
909 3717 1212 3784 Internationalis
1230 3737 1313 3784 curn
1330 3716 1467 3785 historia

356 3823 389 3903 ej
395 3822 517 3886 usdem
530 3821 551 3887 J
555 3824 640 3904 uris,
652 3824 829 3906 siqnidem
844 3843 1013 3906 magnum
1029 3827 1224 3891 discrimen
1237 3827 1335 3891 inter
1348 3835 1466 3890 utram-

357 3945 427 4010 que
460 3927 576 4010 adest;
606 3929 758 3994 historia
788 3930 971 3996 Scientiac
1004 3932 1077 3996 sita
1109 3938 1165 3996 est
1195 3933 1231 3996 in
1264 3929 1468 4015 exponenda

358 4033 499 4097 theoria
512 4035 670 4116 juridica
687 4036 786 4100 circa
803 4043 945 4101 mutuas
963 4039 1126 4120 gentium
1141 4039 1353 4120 relationes,
1372 4038 1467 4102 histo·

358 4137 413 4200 ria
429 4137 451 4201 J
456 4139 528 4202 uris
544 4141 582 4204 in
599 4141 777 4206 tradenda
794 4143 899 4224 praxi
917 4143 987 4208 hac
1011 4161 1122 4228 super
1149 4161 1190 4210 re
1219 4145 1376 4212 diversis
1391 4153 1466 4208 tem·

359 4243 507 4322 poribus
524 4254 685 4330 servata3
703 4247 856 4312 historia
886 4248 1069 4316 scientiae
1092 4253 1129 4316 in
1157 4254 1349 4334 questione
1378 4267 1468 4334 prae·
