<?xml version="1.0" encoding="UTF-8"?>
<!DOCTYPE html PUBLIC "-//W3C//DTD XHTML 1.0 Transitional//EN"
    "http://www.w3.org/TR/xhtml1/DTD/xhtml1-transitional.dtd">
<html xmlns="http://www.w3.org/1999/xhtml" xml:lang="en" lang="en">
 <head>
  <title>
</title>
<meta http-equiv="Content-Type" content="text/html;charset=utf-8" />
  <meta name='ocr-system' content='tesseract 3.04.00' />
  <meta name='ocr-capabilities' content='ocr_page ocr_carea ocr_par ocr_line ocrx_word'/>
</head>
<body>
  <div class='ocr_page' id='page_1' title='image "./juspublicumeccl00ferngoog_0464.png"; bbox 0 0 3058 4994; ppageno 0'>
   <div class='ocr_carea' id='block_1_1' title="bbox 68 21 248 149">
    <p class='ocr_par' dir='ltr' id='par_1_1' title="bbox 68 21 248 149">
     <span class='ocr_line' id='line_1_1' title="bbox 68 21 248 149; baseline 0 -29"><span class='ocrx_word' id='word_1_1' title='bbox 68 21 248 149; x_wconf 60' lang='grc' dir='ltr'><strong>τ</strong></span> 
     </span>
    </p>
   </div>
   <div class='ocr_carea' id='block_1_2' title="bbox 568 315 746 374">
    <p class='ocr_par' dir='ltr' id='par_1_2' title="bbox 568 315 746 374">
     <span class='ocr_line' id='line_1_2' title="bbox 568 315 746 374; baseline -0.011 0"><span class='ocrx_word' id='word_1_2' title='bbox 568 315 685 374; x_wconf 79' lang='grc'><strong>-457</strong></span> <span class='ocrx_word' id='word_1_3' title='bbox 708 347 746 361; x_wconf 95' lang='grc'><strong>-</strong></span> 
     </span>
    </p>
   </div>
   <div class='ocr_carea' id='block_1_3' title="bbox 43 457 1229 4279">
    <p class='ocr_par' dir='ltr' id='par_1_3' title="bbox 93 457 1218 1375">
     <span class='ocr_line' id='line_1_3' title="bbox 181 457 1218 540; baseline 0.002 -18"><span class='ocrx_word' id='word_1_4' title='bbox 181 457 278 522; x_wconf 90' lang='lat' dir='ltr'><strong>Hinc</strong></span> <span class='ocrx_word' id='word_1_5' title='bbox 291 457 358 522; x_wconf 89' lang='lat' dir='ltr'><strong>sub</strong></span> <span class='ocrx_word' id='word_1_6' title='bbox 373 457 518 524; x_wconf 87' lang='lat' dir='ltr'><strong>nomine</strong></span> <span class='ocrx_word' id='word_1_7' title='bbox 535 457 747 524; x_wconf 85' lang='lat' dir='ltr'><strong>retorsionis</strong></span> <span class='ocrx_word' id='word_1_8' title='bbox 760 457 917 540; x_wconf 91' lang='lat' dir='ltr'><strong>juridice</strong></span> <span class='ocrx_word' id='word_1_9' title='bbox 934 459 1036 524; x_wconf 83' lang='lat' dir='ltr'><strong>venit</strong></span> <span class='ocrx_word' id='word_1_10' title='bbox 1048 475 1218 524; x_wconf 80' lang='lat' dir='ltr'><strong>recursus</strong></span> 
     </span>
     <span class='ocr_line' id='line_1_4' title="bbox 93 563 1216 648; baseline 0.002 -22"><span class='ocrx_word' id='word_1_11' title='bbox 93 563 383 644; x_wconf 86' lang='lat' dir='ltr'><strong>internationali‚</strong></span> <span class='ocrx_word' id='word_1_12' title='bbox 409 563 449 629; x_wconf 85' lang='lat' dir='ltr'><strong>vi</strong></span> <span class='ocrx_word' id='word_1_13' title='bbox 478 565 580 646; x_wconf 90' lang='lat' dir='ltr'><strong>cujus</strong></span> <span class='ocrx_word' id='word_1_14' title='bbox 609 564 697 629; x_wconf 89' lang='lat' dir='ltr'><strong>vitio</strong></span> <span class='ocrx_word' id='word_1_15' title='bbox 726 565 920 648; x_wconf 87' lang='lat' dir='ltr'><strong>aequitatis</strong></span> <span class='ocrx_word' id='word_1_16' title='bbox 952 566 1056 630; x_wconf 85' lang='lat' dir='ltr'><strong>unius</strong></span> <span class='ocrx_word' id='word_1_17' title='bbox 1090 564 1216 630; x_wconf 87' lang='lat' dir='ltr'><strong>Status</strong></span> 
     </span>
     <span class='ocr_line' id='line_1_5' title="bbox 94 656 1215 754; baseline 0.001 -20"><span class='ocrx_word' id='word_1_18' title='bbox 94 669 187 735; x_wconf 89' lang='lat' dir='ltr'><strong>alter</strong></span> <span class='ocrx_word' id='word_1_19' title='bbox 204 670 328 738; x_wconf 89' lang='lat' dir='ltr'><strong>Statue</strong></span> <span class='ocrx_word' id='word_1_20' title='bbox 361 671 487 736; x_wconf 89' lang='lat' dir='ltr'><strong>eadem</strong></span> <span class='ocrx_word' id='word_1_21' title='bbox 519 671 644 754; x_wconf 88' lang='lat' dir='ltr'><strong>iniqua</strong></span> <span class='ocrx_word' id='word_1_22' title='bbox 676 671 808 754; x_wconf 84' lang='lat' dir='ltr'><strong>agendi</strong></span> <span class='ocrx_word' id='word_1_23' title='bbox 839 671 982 736; x_wconf 85' lang='lat' dir='ltr'><strong>ratione</strong></span> <span class='ocrx_word' id='word_1_24' title='bbox 1016 656 1215 754; x_wconf 86' lang='lat' dir='ltr'><strong>respondet</strong></span> 
     </span>
     <span class='ocr_line' id='line_1_6' title="bbox 94 775 1210 858; baseline 0 -18"><span class='ocrx_word' id='word_1_25' title='bbox 94 777 247 858; x_wconf 79' lang='lat' dir='ltr'>perinde</span> <span class='ocrx_word' id='word_1_26' title='bbox 264 777 351 842; x_wconf 88' lang='lat' dir='ltr'><strong>acsi</strong></span> <span class='ocrx_word' id='word_1_27' title='bbox 364 795 455 842; x_wconf 90' lang='lat' dir='ltr'><strong>unus</strong></span> <span class='ocrx_word' id='word_1_28' title='bbox 471 775 593 844; x_wconf 86' lang='lat' dir='ltr'><strong>Status</strong></span> <span class='ocrx_word' id='word_1_29' title='bbox 620 777 740 842; x_wconf 91' lang='lat' dir='ltr'><strong>animo</strong></span> <span class='ocrx_word' id='word_1_30' title='bbox 768 777 890 842; x_wconf 89' lang='lat' dir='ltr'><strong>hostili</strong></span> <span class='ocrx_word' id='word_1_31' title='bbox 907 775 1036 842; x_wconf 91' lang='lat' dir='ltr'><strong>ductus</strong></span> <span class='ocrx_word' id='word_1_32' title='bbox 1070 793 1210 841; x_wconf 87' lang='lat' dir='ltr'><strong>merces</strong></span> 
     </span>
     <span class='ocr_line' id='line_1_7' title="bbox 94 883 1218 966; baseline 0.001 -21"><span class='ocrx_word' id='word_1_33' title='bbox 94 883 245 948; x_wconf 85' lang='lat' dir='ltr'><strong>alterius</strong></span> <span class='ocrx_word' id='word_1_34' title='bbox 262 883 384 949; x_wconf 87' lang='lat' dir='ltr'><strong>Status</strong></span> <span class='ocrx_word' id='word_1_35' title='bbox 402 884 508 948; x_wconf 82' lang='lat' dir='ltr'><strong>novis</strong></span> <span class='ocrx_word' id='word_1_36' title='bbox 530 883 774 966; x_wconf 82' lang='lat' dir='ltr'><strong>vectigalibus</strong></span> <span class='ocrx_word' id='word_1_37' title='bbox 802 889 990 966; x_wconf 82' lang='lat' dir='ltr'><strong>gravaret,</strong></span> <span class='ocrx_word' id='word_1_38' title='bbox 1025 887 1135 966; x_wconf 88' lang='lat' dir='ltr'><strong>atque</strong></span> <span class='ocrx_word' id='word_1_39' title='bbox 1158 883 1218 947; x_wconf 93' lang='lat' dir='ltr'><strong>hic</strong></span> 
     </span>
     <span class='ocr_line' id='line_1_8' title="bbox 94 989 1215 1073; baseline 0.001 -21"><span class='ocrx_word' id='word_1_40' title='bbox 94 989 232 1070; x_wconf 91' lang='lat' dir='ltr'><strong>optimo</strong></span> <span class='ocrx_word' id='word_1_41' title='bbox 250 995 287 1054; x_wconf 89' lang='lat' dir='ltr'><strong>et</strong></span> <span class='ocrx_word' id='word_1_42' title='bbox 303 991 492 1073; x_wconf 87' lang='lat' dir='ltr'><strong>reciproco</strong></span> <span class='ocrx_word' id='word_1_43' title='bbox 506 991 589 1072; x_wconf 89' lang='lat' dir='ltr'><strong>jure</strong></span> <span class='ocrx_word' id='word_1_44' title='bbox 605 991 719 1055; x_wconf 85' lang='lat' dir='ltr'><strong>fretus</strong></span> <span class='ocrx_word' id='word_1_45' title='bbox 738 991 917 1055; x_wconf 79' lang='lat' dir='ltr'><strong>mercibus</strong></span> <span class='ocrx_word' id='word_1_46' title='bbox 942 989 1064 1056; x_wconf 87' lang='lat' dir='ltr'><strong>Status</strong></span> <span class='ocrx_word' id='word_1_47' title='bbox 1091 991 1215 1072; x_wconf 89' lang='lat' dir='ltr'><strong>inique</strong></span> 
     </span>
     <span class='ocr_line' id='line_1_9' title="bbox 94 1095 1216 1179; baseline 0 -20"><span class='ocrx_word' id='word_1_48' title='bbox 94 1096 238 1176; x_wconf 77' lang='lat' dir='ltr'><strong>agentis</strong></span> <span class='ocrx_word' id='word_1_49' title='bbox 256 1095 383 1160; x_wconf 89' lang='lat' dir='ltr'><strong>eadem</strong></span> <span class='ocrx_word' id='word_1_50' title='bbox 400 1095 537 1160; x_wconf 90' lang='lat' dir='ltr'><strong>tributa</strong></span> <span class='ocrx_word' id='word_1_51' title='bbox 563 1097 779 1179; x_wconf 90' lang='lat' dir='ltr'><strong>imponeret:</strong></span> <span class='ocrx_word' id='word_1_52' title='bbox 810 1097 1085 1162; x_wconf 89' lang='lat' dir='ltr'><strong>fundamentum</strong></span> <span class='ocrx_word' id='word_1_53' title='bbox 1103 1096 1216 1178; x_wconf 82' lang='lat' dir='ltr'><strong>igitur</strong></span> 
     </span>
     <span class='ocr_line' id='line_1_10' title="bbox 94 1203 1213 1287; baseline 0.004 -23"><span class='ocrx_word' id='word_1_54' title='bbox 94 1205 130 1264; x_wconf 92' lang='lat' dir='ltr'><strong>et</strong></span> <span class='ocrx_word' id='word_1_55' title='bbox 144 1203 342 1268; x_wconf 78' lang='lat' dir='ltr'><strong>character</strong></span> <span class='ocrx_word' id='word_1_56' title='bbox 359 1203 527 1286; x_wconf 90' lang='lat' dir='ltr'><strong>proprius</strong></span> <span class='ocrx_word' id='word_1_57' title='bbox 544 1205 755 1268; x_wconf 89' lang='lat' dir='ltr'><strong>retorsionis</strong></span> <span class='ocrx_word' id='word_1_58' title='bbox 787 1204 824 1268; x_wconf 91' lang='lat' dir='ltr'><strong>in</strong></span> <span class='ocrx_word' id='word_1_59' title='bbox 853 1209 983 1287; x_wconf 88' lang='lat' dir='ltr'><strong>aperta</strong></span> <span class='ocrx_word' id='word_1_60' title='bbox 1016 1203 1213 1286; x_wconf 86' lang='lat' dir='ltr'><strong>aequitatis</strong></span> 
     </span>
     <span class='ocr_line' id='line_1_11' title="bbox 94 1308 581 1375; baseline 0.006 -4"><span class='ocrx_word' id='word_1_61' title='bbox 94 1308 298 1373; x_wconf 84' lang='lat' dir='ltr'><strong>violatione</strong></span> <span class='ocrx_word' id='word_1_62' title='bbox 314 1314 412 1374; x_wconf 90' lang='lat' dir='ltr'><strong>totus</strong></span> <span class='ocrx_word' id='word_1_63' title='bbox 429 1310 581 1375; x_wconf 88' lang='lat' dir='ltr'><strong>sistitur.</strong></span> 
     </span>
    </p>

    <p class='ocr_par' dir='ltr' id='par_1_4' title="bbox 95 1415 1226 2976">
     <span class='ocr_line' id='line_1_12' title="bbox 184 1415 1221 1499; baseline 0.002 -21"><span class='ocrx_word' id='word_1_64' title='bbox 184 1415 256 1479; x_wconf 82' lang='lat' dir='ltr'><strong>Sed</strong></span> <span class='ocrx_word' id='word_1_65' title='bbox 273 1415 372 1479; x_wconf 92' lang='lat' dir='ltr'><strong>nullo</strong></span> <span class='ocrx_word' id='word_1_66' title='bbox 391 1421 499 1498; x_wconf 89' lang='lat' dir='ltr'><strong>pacto</strong></span> <span class='ocrx_word' id='word_1_67' title='bbox 517 1417 729 1499; x_wconf 82' lang='lat' dir='ltr'><strong>permisceri</strong></span> <span class='ocrx_word' id='word_1_68' title='bbox 759 1422 821 1480; x_wconf 89' lang='lat' dir='ltr'><strong>aut</strong></span> <span class='ocrx_word' id='word_1_69' title='bbox 850 1415 1021 1480; x_wconf 86' lang='lat' dir='ltr'><strong>confundi</strong></span> <span class='ocrx_word' id='word_1_70' title='bbox 1039 1415 1149 1480; x_wconf 89' lang='lat' dir='ltr'><strong>debet</strong></span> <span class='ocrx_word' id='word_1_71' title='bbox 1167 1431 1221 1480; x_wconf 92' lang='lat' dir='ltr'><strong>re·</strong></span> 
     </span>
     <span class='ocr_line' id='line_1_13' title="bbox 95 1522 1223 1604; baseline 0.001 -18"><span class='ocrx_word' id='word_1_72' title='bbox 95 1523 209 1587; x_wconf 84' lang='lat' dir='ltr'><strong>toreio</strong></span> <span class='ocrx_word' id='word_1_73' title='bbox 227 1541 309 1588; x_wconf 92' lang='lat' dir='ltr'><strong>cum</strong></span> <span class='ocrx_word' id='word_1_74' title='bbox 325 1522 556 1604; x_wconf 74' lang='lat' dir='ltr'><strong>nocumento,</strong></span> <span class='ocrx_word' id='word_1_75' title='bbox 591 1525 724 1588; x_wconf 88' lang='lat' dir='ltr'><strong>etenim</strong></span> <span class='ocrx_word' id='word_1_76' title='bbox 743 1524 852 1588; x_wconf 86' lang='lat' dir='ltr'><strong>valde</strong></span> <span class='ocrx_word' id='word_1_77' title='bbox 883 1524 981 1588; x_wconf 90' lang='lat' dir='ltr'><strong>inter</strong></span> <span class='ocrx_word' id='word_1_78' title='bbox 1013 1541 1053 1588; x_wconf 89' lang='lat' dir='ltr'><strong>se</strong></span> <span class='ocrx_word' id='word_1_79' title='bbox 1087 1523 1223 1587; x_wconf 86' lang='lat' dir='ltr'><strong>discre-</strong></span> 
     </span>
     <span class='ocr_line' id='line_1_14' title="bbox 96 1629 1223 1716; baseline 0 -23"><span class='ocrx_word' id='word_1_80' title='bbox 96 1639 198 1710; x_wconf 88' lang='lat' dir='ltr'><strong>pant:</strong></span> <span class='ocrx_word' id='word_1_81' title='bbox 218 1631 250 1716; x_wconf 82' lang='lat'><strong>⁸)</strong></span> <span class='ocrx_word' id='word_1_82' title='bbox 265 1631 302 1696; x_wconf 92' lang='lat' dir='ltr'><strong>in</strong></span> <span class='ocrx_word' id='word_1_83' title='bbox 319 1629 560 1713; x_wconf 84' lang='lat' dir='ltr'><strong>clarigatione</strong></span> <span class='ocrx_word' id='word_1_84' title='bbox 576 1631 740 1696; x_wconf 88' lang='lat' dir='ltr'><strong>redditur</strong></span> <span class='ocrx_word' id='word_1_85' title='bbox 762 1631 940 1712; x_wconf 85' lang='lat' dir='ltr'><strong>injustitia</strong></span> <span class='ocrx_word' id='word_1_86' title='bbox 959 1648 1024 1713; x_wconf 90' lang='lat' dir='ltr'><strong>pro</strong></span> <span class='ocrx_word' id='word_1_87' title='bbox 1044 1629 1223 1712; x_wconf 88' lang='lat' dir='ltr'><strong>injustitia</strong></span> 
     </span>
     <span class='ocr_line' id='line_1_15' title="bbox 96 1735 1226 1820; baseline 0.001 -21"><span class='ocrx_word' id='word_1_88' title='bbox 96 1735 132 1799; x_wconf 93' lang='lat' dir='ltr'><strong>in</strong></span> <span class='ocrx_word' id='word_1_89' title='bbox 148 1738 355 1802; x_wconf 81' lang='lat' dir='ltr'><strong>retorsione</strong></span> <span class='ocrx_word' id='word_1_90' title='bbox 371 1745 493 1802; x_wconf 88' lang='lat' dir='ltr'><strong>autern</strong></span> <span class='ocrx_word' id='word_1_91' title='bbox 510 1737 641 1820; x_wconf 86' lang='lat' dir='ltr'><strong>culpae</strong></span> <span class='ocrx_word' id='word_1_92' title='bbox 673 1737 868 1820; x_wconf 86' lang='lat' dir='ltr'><strong>aequitatis</strong></span> <span class='ocrx_word' id='word_1_93' title='bbox 885 1737 1126 1820; x_wconf 84' lang='lat' dir='ltr'><strong>respondetur·</strong></span> <span class='ocrx_word' id='word_1_94' title='bbox 1144 1753 1226 1801; x_wconf 91' lang='lat' dir='ltr'><strong>cum</strong></span> 
     </span>
     <span class='ocr_line' id='line_1_16' title="bbox 98 1841 1225 1927; baseline 0.004 -23"><span class='ocrx_word' id='word_1_95' title='bbox 98 1843 169 1908; x_wconf 91' lang='lat' dir='ltr'><strong>alio</strong></span> <span class='ocrx_word' id='word_1_96' title='bbox 184 1845 276 1908; x_wconf 89' lang='lat' dir='ltr'><strong>vitio</strong></span> <span class='ocrx_word' id='word_1_97' title='bbox 295 1845 506 1927; x_wconf 88' lang='lat' dir='ltr'><strong>aequitatis;</strong></span> <span class='ocrx_word' id='word_1_98' title='bbox 522 1841 549 1924; x_wconf 81' lang='lat' dir='ltr'><strong>b)</strong></span> <span class='ocrx_word' id='word_1_99' title='bbox 566 1846 603 1908; x_wconf 92' lang='lat' dir='ltr'><strong>in</strong></span> <span class='ocrx_word' id='word_1_100' title='bbox 630 1844 846 1909; x_wconf 89' lang='lat' dir='ltr'><strong>hostimeuto</strong></span> <span class='ocrx_word' id='word_1_101' title='bbox 865 1845 986 1926; x_wconf 84' lang='lat' dir='ltr'><strong>agitur</strong></span> <span class='ocrx_word' id='word_1_102' title='bbox 1010 1843 1055 1908; x_wconf 93' lang='lat' dir='ltr'><strong>de</strong></span> <span class='ocrx_word' id='word_1_103' title='bbox 1072 1861 1114 1908; x_wconf 92' lang='lat' dir='ltr'><strong>eo</strong></span> <span class='ocrx_word' id='word_1_104' title='bbox 1129 1841 1225 1926; x_wconf 91' lang='lat' dir='ltr'><strong>quod</strong></span> 
     </span>
     <span class='ocr_line' id='line_1_17' title="bbox 98 1947 1225 2034; baseline 0.004 -24"><span class='ocrx_word' id='word_1_105' title='bbox 98 1947 252 2014; x_wconf 88' lang='lat' dir='ltr'><strong>debetur</strong></span> <span class='ocrx_word' id='word_1_106' title='bbox 265 1967 311 2014; x_wconf 86' lang='lat' dir='ltr'><strong>ex</strong></span> <span class='ocrx_word' id='word_1_107' title='bbox 325 1949 480 2032; x_wconf 88' lang='lat' dir='ltr'><strong>justitia,</strong></span> <span class='ocrx_word' id='word_1_108' title='bbox 500 1951 536 2015; x_wconf 92' lang='lat' dir='ltr'><strong>in</strong></span> <span class='ocrx_word' id='word_1_109' title='bbox 553 1951 756 2034; x_wconf 79' lang='lat' dir='ltr'><strong>retorsione</strong></span> <span class='ocrx_word' id='word_1_110' title='bbox 773 1967 891 2014; x_wconf 88' lang='lat' dir='ltr'><strong>sermo</strong></span> <span class='ocrx_word' id='word_1_111' title='bbox 910 1955 965 2015; x_wconf 89' lang='lat' dir='ltr'><strong>est</strong></span> <span class='ocrx_word' id='word_1_112' title='bbox 982 1951 1026 2015; x_wconf 87' lang='lat' dir='ltr'><strong>dc</strong></span> <span class='ocrx_word' id='word_1_113' title='bbox 1051 1967 1092 2014; x_wconf 91' lang='lat' dir='ltr'><strong>re</strong></span> <span class='ocrx_word' id='word_1_114' title='bbox 1117 1967 1225 2032; x_wconf 87' lang='lat' dir='ltr'><strong>quam</strong></span> 
     </span>
     <span class='ocr_line' id='line_1_18' title="bbox 99 2057 1225 2140; baseline 0.003 -23"><span class='ocrx_word' id='word_1_115' title='bbox 99 2061 200 2120; x_wconf 88' lang='lat' dir='ltr'><strong>recta</strong></span> <span class='ocrx_word' id='word_1_116' title='bbox 218 2067 255 2122; x_wconf 88' lang='lat' dir='ltr'><strong>et</strong></span> <span class='ocrx_word' id='word_1_117' title='bbox 270 2057 449 2122; x_wconf 90' lang='lat' dir='ltr'><strong>naturalis</strong></span> <span class='ocrx_word' id='word_1_118' title='bbox 467 2059 632 2140; x_wconf 87' lang='lat' dir='ltr'><strong>aequitas</strong></span> <span class='ocrx_word' id='word_1_119' title='bbox 650 2057 823 2140; x_wconf 88' lang='lat' dir='ltr'><strong>postulat;</strong></span> <span class='ocrx_word' id='word_1_120' title='bbox 842 2061 866 2136; x_wconf 71' lang='grc' dir='ltr'><strong>α)</strong></span> <span class='ocrx_word' id='word_1_121' title='bbox 885 2058 1076 2140; x_wconf 84' lang='lat' dir='ltr'><strong>clarigatio</strong></span> <span class='ocrx_word' id='word_1_122' title='bbox 1104 2057 1225 2122; x_wconf 81' lang='lat' dir='ltr'><strong>officia</strong></span> 
     </span>
     <span class='ocr_line' id='line_1_19' title="bbox 100 2163 1224 2246; baseline 0.002 -20"><span class='ocrx_word' id='word_1_123' title='bbox 100 2163 265 2242; x_wconf 83' lang='lat' dir='ltr'><strong>perfecta</strong></span> <span class='ocrx_word' id='word_1_124' title='bbox 296 2165 520 2229; x_wconf 89' lang='lat' dir='ltr'><strong>conscientia</strong></span> <span class='ocrx_word' id='word_1_125' title='bbox 551 2171 588 2228; x_wconf 89' lang='lat' dir='ltr'><strong>et</strong></span> <span class='ocrx_word' id='word_1_126' title='bbox 615 2165 697 2246; x_wconf 86' lang='lat' dir='ltr'><strong>jure</strong></span> <span class='ocrx_word' id='word_1_127' title='bbox 715 2166 857 2228; x_wconf 82' lang='lat' dir='ltr'><strong>sancita</strong></span> <span class='ocrx_word' id='word_1_128' title='bbox 885 2164 1049 2246; x_wconf 87' lang='lat' dir='ltr'><strong>respicit,</strong></span> <span class='ocrx_word' id='word_1_129' title='bbox 1069 2163 1224 2228; x_wconf 87' lang='lat' dir='ltr'><strong>retorsio</strong></span> 
     </span>
     <span class='ocr_line' id='line_1_20' title="bbox 101 2269 1225 2353; baseline 0.004 -23"><span class='ocrx_word' id='word_1_130' title='bbox 101 2283 188 2333; x_wconf 91' lang='lat' dir='ltr'><strong>vero</strong></span> <span class='ocrx_word' id='word_1_131' title='bbox 206 2269 253 2334; x_wconf 84' lang='lat' dir='ltr'><strong>ad</strong></span> <span class='ocrx_word' id='word_1_132' title='bbox 266 2270 388 2335; x_wconf 81' lang='lat' dir='ltr'><strong>officia</strong></span> <span class='ocrx_word' id='word_1_133' title='bbox 404 2271 620 2353; x_wconf 81' lang='lat' dir='ltr'><strong>imperfecta</strong></span> <span class='ocrx_word' id='word_1_134' title='bbox 639 2273 758 2352; x_wconf 88' lang='lat' dir='ltr'><strong>potius</strong></span> <span class='ocrx_word' id='word_1_135' title='bbox 776 2271 929 2334; x_wconf 85' lang='lat' dir='ltr'><strong>moralia</strong></span> <span class='ocrx_word' id='word_1_136' title='bbox 943 2287 1051 2352; x_wconf 90' lang='lat' dir='ltr'><strong>qnam</strong></span> <span class='ocrx_word' id='word_1_137' title='bbox 1066 2269 1225 2350; x_wconf 89' lang='lat' dir='ltr'><strong>jnridica</strong></span> 
     </span>
     <span class='ocr_line' id='line_1_21' title="bbox 102 2374 1223 2461; baseline 0.004 -25"><span class='ocrx_word' id='word_1_138' title='bbox 102 2381 255 2458; x_wconf 86' lang='lat' dir='ltr'><strong>spectat;</strong></span> <span class='ocrx_word' id='word_1_139' title='bbox 272 2374 298 2461; x_wconf 82' lang='lat' dir='ltr'><strong>d)</strong></span> <span class='ocrx_word' id='word_1_140' title='bbox 315 2377 470 2460; x_wconf 87' lang='lat' dir='ltr'><strong>denique</strong></span> <span class='ocrx_word' id='word_1_141' title='bbox 484 2377 521 2442; x_wconf 91' lang='lat' dir='ltr'><strong>in</strong></span> <span class='ocrx_word' id='word_1_142' title='bbox 534 2379 736 2442; x_wconf 85' lang='lat' dir='ltr'><strong>retorsione</strong></span> <span class='ocrx_word' id='word_1_143' title='bbox 749 2375 865 2441; x_wconf 88' lang='lat' dir='ltr'><strong>Statui</strong></span> <span class='ocrx_word' id='word_1_144' title='bbox 878 2375 1079 2440; x_wconf 83' lang='lat' dir='ltr'><strong>offendenti</strong></span> <span class='ocrx_word' id='word_1_145' title='bbox 1096 2393 1223 2457; x_wconf 88' lang='lat' dir='ltr'><strong>repen-</strong></span> 
     </span>
     <span class='ocr_line' id='line_1_22' title="bbox 103 2480 1224 2566; baseline 0.004 -23"><span class='ocrx_word' id='word_1_146' title='bbox 103 2480 197 2546; x_wconf 89' lang='lat' dir='ltr'><strong>ditur</strong></span> <span class='ocrx_word' id='word_1_147' title='bbox 213 2484 341 2548; x_wconf 89' lang='lat' dir='ltr'><strong>eadem</strong></span> <span class='ocrx_word' id='word_1_148' title='bbox 373 2485 519 2566; x_wconf 86' lang='lat' dir='ltr'><strong>injuria,</strong></span> <span class='ocrx_word' id='word_1_149' title='bbox 536 2483 695 2548; x_wconf 89' lang='lat' dir='ltr'><strong>identica</strong></span> <span class='ocrx_word' id='word_1_150' title='bbox 713 2483 845 2566; x_wconf 84' lang='lat' dir='ltr'><strong>agendi</strong></span> <span class='ocrx_word' id='word_1_151' title='bbox 862 2483 969 2564; x_wconf 88' lang='lat' dir='ltr'><strong>ratic,</strong></span> <span class='ocrx_word' id='word_1_152' title='bbox 989 2483 1144 2566; x_wconf 86' lang='lat' dir='ltr'><strong>aequale</strong></span> <span class='ocrx_word' id='word_1_153' title='bbox 1163 2501 1224 2548; x_wconf 92' lang='lat' dir='ltr'><strong>no-</strong></span> 
     </span>
     <span class='ocr_line' id='line_1_23' title="bbox 104 2590 1225 2674; baseline 0.004 -24"><span class='ocrx_word' id='word_1_154' title='bbox 104 2595 306 2655; x_wconf 89' lang='lat' dir='ltr'><strong>cumentum</strong></span> <span class='ocrx_word' id='word_1_155' title='bbox 324 2591 361 2654; x_wconf 91' lang='lat' dir='ltr'><strong>in</strong></span> <span class='ocrx_word' id='word_1_156' title='bbox 377 2592 538 2674; x_wconf 90' lang='lat' dir='ltr'><strong>iniquum</strong></span> <span class='ocrx_word' id='word_1_157' title='bbox 555 2591 807 2655; x_wconf 85' lang='lat' dir='ltr'><strong>adversarium</strong></span> <span class='ocrx_word' id='word_1_158' title='bbox 820 2590 1049 2664; x_wconf 84' lang='lat' dir='ltr'><strong>vertendum,</strong></span> <span class='ocrx_word' id='word_1_159' title='bbox 1063 2591 1100 2654; x_wconf 92' lang='lat' dir='ltr'><strong>in</strong></span> <span class='ocrx_word' id='word_1_160' title='bbox 1116 2591 1225 2654; x_wconf 89' lang='lat' dir='ltr'><strong>hosti-</strong></span> 
     </span>
     <span class='ocr_line' id='line_1_24' title="bbox 104 2697 1226 2780; baseline 0.002 -20"><span class='ocrx_word' id='word_1_161' title='bbox 104 2701 221 2762; x_wconf 89' lang='lat' dir='ltr'><strong>mento</strong></span> <span class='ocrx_word' id='word_1_162' title='bbox 240 2703 361 2762; x_wconf 89' lang='lat' dir='ltr'><strong>autem</strong></span> <span class='ocrx_word' id='word_1_163' title='bbox 379 2697 496 2763; x_wconf 79' lang='lat' dir='ltr'><strong>Statui</strong></span> <span class='ocrx_word' id='word_1_164' title='bbox 512 2697 672 2762; x_wconf 83' lang='lat' dir='ltr'><strong>laedenti</strong></span> <span class='ocrx_word' id='word_1_165' title='bbox 690 2697 902 2780; x_wconf 89' lang='lat' dir='ltr'><strong>responderi</strong></span> <span class='ocrx_word' id='word_1_166' title='bbox 934 2703 1055 2780; x_wconf 90' lang='lat' dir='ltr'><strong>potest</strong></span> <span class='ocrx_word' id='word_1_167' title='bbox 1083 2697 1226 2763; x_wconf 87' lang='lat' dir='ltr'><strong>actibus</strong></span> 
     </span>
     <span class='ocr_line' id='line_1_25' title="bbox 106 2802 1225 2898; baseline 0.002 -32"><span class='ocrx_word' id='word_1_168' title='bbox 106 2802 271 2898; x_wconf 68' lang='lat' dir='ltr'><strong>diuersae</strong></span> <span class='ocrx_word' id='word_1_169' title='bbox 287 2809 454 2886; x_wconf 88' lang='lat' dir='ltr'><strong>naturae,</strong></span> <span class='ocrx_word' id='word_1_170' title='bbox 474 2804 579 2868; x_wconf 89' lang='lat' dir='ltr'><strong>modo</strong></span> <span class='ocrx_word' id='word_1_171' title='bbox 597 2805 775 2886; x_wconf 88' lang='lat' dir='ltr'><strong>injustitia</strong></span> <span class='ocrx_word' id='word_1_172' title='bbox 798 2803 1001 2886; x_wconf 87' lang='lat' dir='ltr'><strong>repellatur</strong></span> <span class='ocrx_word' id='word_1_173' title='bbox 1019 2809 1055 2868; x_wconf 90' lang='lat' dir='ltr'><strong>et</strong></span> <span class='ocrx_word' id='word_1_174' title='bbox 1065 2806 1124 2887; x_wconf 91' lang='lat' dir='ltr'><strong>jus</strong></span> <span class='ocrx_word' id='word_1_175' title='bbox 1143 2821 1225 2869; x_wconf 92' lang='lat' dir='ltr'><strong>con-</strong></span> 
     </span>
     <span class='ocr_line' id='line_1_26' title="bbox 106 2910 527 2976; baseline 0.007 -5"><span class='ocrx_word' id='word_1_176' title='bbox 106 2910 283 2976; x_wconf 87' lang='lat' dir='ltr'><strong>culcatum</strong></span> <span class='ocrx_word' id='word_1_177' title='bbox 301 2911 527 2976; x_wconf 87' lang='lat' dir='ltr'><strong>restituatur.</strong></span> 
     </span>
    </p>

    <p class='ocr_par' dir='ltr' id='par_1_5' title="bbox 108 3017 1229 3420">
     <span class='ocr_line' id='line_1_27' title="bbox 192 3017 1229 3100; baseline -0.003 -16"><span class='ocrx_word' id='word_1_178' title='bbox 192 3019 267 3084; x_wconf 77' lang='lat'><strong>126.</strong></span> <span class='ocrx_word' id='word_1_179' title='bbox 317 3019 461 3084; x_wconf 81' lang='lat' dir='ltr'><strong>Tertius</strong></span> <span class='ocrx_word' id='word_1_180' title='bbox 478 3018 602 3083; x_wconf 88' lang='lat' dir='ltr'><strong>modus</strong></span> <span class='ocrx_word' id='word_1_181' title='bbox 616 3019 769 3100; x_wconf 84' lang='lat' dir='ltr'><strong>cogendi</strong></span> <span class='ocrx_word' id='word_1_182' title='bbox 787 3017 927 3084; x_wconf 82' lang='lat' dir='ltr'><strong>Statum</strong></span> <span class='ocrx_word' id='word_1_183' title='bbox 942 3019 988 3083; x_wconf 90' lang='lat' dir='ltr'><strong>ad</strong></span> <span class='ocrx_word' id='word_1_184' title='bbox 1005 3018 1229 3083; x_wconf 88' lang='lat' dir='ltr'><strong>reddendam</strong></span> 
     </span>
     <span class='ocr_line' id='line_1_28' title="bbox 108 3123 1228 3208; baseline 0.001 -22"><span class='ocrx_word' id='word_1_185' title='bbox 108 3125 390 3191; x_wconf 81' lang='lat' dir='ltr'><strong>satisfactionem</strong></span> <span class='ocrx_word' id='word_1_186' title='bbox 419 3143 485 3208; x_wconf 88' lang='lat' dir='ltr'><strong>pro</strong></span> <span class='ocrx_word' id='word_1_187' title='bbox 515 3125 649 3207; x_wconf 91' lang='lat' dir='ltr'><strong>injuria</strong></span> <span class='ocrx_word' id='word_1_188' title='bbox 665 3126 772 3190; x_wconf 90' lang='lat' dir='ltr'><strong>alteri</strong></span> <span class='ocrx_word' id='word_1_189' title='bbox 790 3126 928 3190; x_wconf 91' lang='lat' dir='ltr'><strong>nationi</strong></span> <span class='ocrx_word' id='word_1_190' title='bbox 946 3125 1063 3204; x_wconf 88' lang='lat' dir='ltr'><strong>illata,</strong></span> <span class='ocrx_word' id='word_1_191' title='bbox 1095 3123 1228 3188; x_wconf 89' lang='lat' dir='ltr'><strong>damna</strong></span> 
     </span>
     <span class='ocr_line' id='line_1_29' title="bbox 109 3231 1227 3315; baseline 0.003 -24"><span class='ocrx_word' id='word_1_192' title='bbox 109 3232 350 3314; x_wconf 88' lang='lat' dir='ltr'><strong>resarcienda,</strong></span> <span class='ocrx_word' id='word_1_193' title='bbox 366 3233 523 3315; x_wconf 85' lang='lat' dir='ltr'><strong>juraque</strong></span> <span class='ocrx_word' id='word_1_194' title='bbox 541 3233 695 3296; x_wconf 86' lang='lat' dir='ltr'><strong>aliarum</strong></span> <span class='ocrx_word' id='word_1_195' title='bbox 712 3233 872 3314; x_wconf 83' lang='lat' dir='ltr'><strong>gentium</strong></span> <span class='ocrx_word' id='word_1_196' title='bbox 890 3231 1095 3296; x_wconf 87' lang='lat' dir='ltr'><strong>reverenda</strong></span> <span class='ocrx_word' id='word_1_197' title='bbox 1112 3249 1227 3314; x_wconf 79' lang='lat' dir='ltr'><strong>aeque·</strong></span> 
     </span>
     <span class='ocr_line' id='line_1_30' title="bbox 109 3343 482 3420; baseline 0.016 -24"><span class='ocrx_word' id='word_1_198' title='bbox 109 3343 226 3405; x_wconf 72' lang='lat' dir='ltr'><strong>atracio</strong></span> <span class='ocrx_word' id='word_1_199' title='bbox 239 3345 482 3420; x_wconf 86' lang='lat' dir='ltr'><strong>nuncupatur.</strong></span> 
     </span>
    </p>

    <p class='ocr_par' dir='ltr' id='par_1_6' title="bbox 110 3441 1225 3848">
     <span class='ocr_line' id='line_1_31' title="bbox 191 3441 1223 3527; baseline -0.005 -17"><span class='ocrx_word' id='word_1_200' title='bbox 191 3445 378 3527; x_wconf 85' lang='lat' dir='ltr'><strong>Ejusmodi</strong></span> <span class='ocrx_word' id='word_1_201' title='bbox 408 3445 700 3510; x_wconf 84' lang='lat' dir='ltr'><strong>internetionalis</strong></span> <span class='ocrx_word' id='word_1_202' title='bbox 717 3461 909 3526; x_wconf 88' lang='lat' dir='ltr'><strong>processus</strong></span> <span class='ocrx_word' id='word_1_203' title='bbox 942 3443 1080 3525; x_wconf 89' lang='lat' dir='ltr'><strong>positus</strong></span> <span class='ocrx_word' id='word_1_204' title='bbox 1099 3447 1154 3506; x_wconf 90' lang='lat' dir='ltr'><strong>est</strong></span> <span class='ocrx_word' id='word_1_205' title='bbox 1185 3441 1223 3505; x_wconf 93' lang='lat' dir='ltr'><strong>in</strong></span> 
     </span>
     <span class='ocr_line' id='line_1_32' title="bbox 111 3549 1224 3635; baseline 0.001 -23"><span class='ocrx_word' id='word_1_206' title='bbox 111 3553 291 3634; x_wconf 87' lang='lat' dir='ltr'><strong>capiendis</strong></span> <span class='ocrx_word' id='word_1_207' title='bbox 309 3553 519 3617; x_wconf 84' lang='lat' dir='ltr'><strong>transitorie</strong></span> <span class='ocrx_word' id='word_1_208' title='bbox 536 3553 701 3635; x_wconf 89' lang='lat' dir='ltr'><strong>personis</strong></span> <span class='ocrx_word' id='word_1_209' title='bbox 733 3551 854 3616; x_wconf 88' lang='lat' dir='ltr'><strong>Status</strong></span> <span class='ocrx_word' id='word_1_210' title='bbox 879 3549 1071 3632; x_wconf 85' lang='lat' dir='ltr'><strong>laedentis,</strong></span> <span class='ocrx_word' id='word_1_211' title='bbox 1106 3549 1224 3614; x_wconf 82' lang='lat' dir='ltr'><strong>ofian-</strong></span> 
     </span>
     <span class='ocr_line' id='line_1_33' title="bbox 112 3655 1223 3740; baseline 0 -21"><span class='ocrx_word' id='word_1_212' title='bbox 112 3655 222 3724; x_wconf 88' lang='lat' dir='ltr'><strong>dentis</strong></span> <span class='ocrx_word' id='word_1_213' title='bbox 235 3665 298 3724; x_wconf 88' lang='lat' dir='ltr'><strong>aut</strong></span> <span class='ocrx_word' id='word_1_214' title='bbox 311 3659 545 3740; x_wconf 88' lang='lat' dir='ltr'><strong>decertantis,</strong></span> <span class='ocrx_word' id='word_1_215' title='bbox 565 3675 707 3724; x_wconf 87' lang='lat' dir='ltr'><strong>necnon</strong></span> <span class='ocrx_word' id='word_1_216' title='bbox 724 3659 761 3722; x_wconf 94' lang='lat' dir='ltr'><strong>in</strong></span> <span class='ocrx_word' id='word_1_217' title='bbox 778 3657 1000 3740; x_wconf 87' lang='lat' dir='ltr'><strong>occupandis</strong></span> <span class='ocrx_word' id='word_1_218' title='bbox 1019 3655 1118 3721; x_wconf 88' lang='lat' dir='ltr'><strong>etad</strong></span> <span class='ocrx_word' id='word_1_219' title='bbox 1136 3661 1223 3720; x_wconf 91' lang='lat' dir='ltr'><strong>tem·</strong></span> 
     </span>
     <span class='ocr_line' id='line_1_34' title="bbox 110 3764 1225 3848; baseline -0.004 -19"><span class='ocrx_word' id='word_1_220' title='bbox 110 3779 174 3843; x_wconf 87' lang='lat' dir='ltr'><strong>pus</strong></span> <span class='ocrx_word' id='word_1_221' title='bbox 189 3767 388 3831; x_wconf 88' lang='lat' dir='ltr'><strong>retinendis</strong></span> <span class='ocrx_word' id='word_1_222' title='bbox 405 3769 483 3847; x_wconf 90' lang='lat' dir='ltr'><strong>ejus</strong></span> <span class='ocrx_word' id='word_1_223' title='bbox 500 3767 620 3846; x_wconf 91' lang='lat' dir='ltr'><strong>rebus,</strong></span> <span class='ocrx_word' id='word_1_224' title='bbox 635 3767 833 3848; x_wconf 89' lang='lat' dir='ltr'><strong>praecipue</strong></span> <span class='ocrx_word' id='word_1_225' title='bbox 850 3781 938 3829; x_wconf 85' lang='lat' dir='ltr'><strong>vero</strong></span> <span class='ocrx_word' id='word_1_226' title='bbox 958 3764 1113 3828; x_wconf 90' lang='lat' dir='ltr'><strong>navibus</strong></span> <span class='ocrx_word' id='word_1_227' title='bbox 1133 3779 1225 3826; x_wconf 90' lang='lat' dir='ltr'><strong>mer·</strong></span> 
     </span>
    </p>

    <p class='ocr_par' dir='ltr' id='par_1_7' title="bbox 43 3871 1226 4279">
     <span class='ocr_line' id='line_1_35' title="bbox 43 3871 1223 3954; baseline 0.002 -22"><span class='ocrx_word' id='word_1_228' title='bbox 43 3903 45 3948; x_wconf 68' lang='grc' dir='ltr'><em>χ</em></span> <span class='ocrx_word' id='word_1_229' title='bbox 109 3878 270 3940; x_wconf 84' lang='lat' dir='ltr'><strong>caturam</strong></span> <span class='ocrx_word' id='word_1_230' title='bbox 297 3875 527 3940; x_wconf 88' lang='lat' dir='ltr'><strong>facientibus.</strong></span> <span class='ocrx_word' id='word_1_231' title='bbox 546 3874 687 3938; x_wconf 91' lang='lat' dir='ltr'><strong>Dicitur</strong></span> <span class='ocrx_word' id='word_1_232' title='bbox 714 3875 915 3938; x_wconf 72' lang='lat' dir='ltr'><strong>transitorie</strong></span> <span class='ocrx_word' id='word_1_233' title='bbox 934 3877 1043 3954; x_wconf 85' lang='lat' dir='ltr'><strong>atque</strong></span> <span class='ocrx_word' id='word_1_234' title='bbox 1061 3871 1108 3935; x_wconf 85' lang='lat' dir='ltr'><strong>ad</strong></span> <span class='ocrx_word' id='word_1_235' title='bbox 1141 3877 1223 3935; x_wconf 81' lang='lat' dir='ltr'><strong>tem·</strong></span> 
     </span>
     <span class='ocr_line' id='line_1_36' title="bbox 44 3959 1226 4064; baseline -0.004 -19"><span class='ocrx_word' id='word_1_236' title='bbox 44 3959 47 4060; x_wconf 63' lang='lat' dir='ltr'><strong>&#39;p</strong></span> <span class='ocrx_word' id='word_1_237' title='bbox 108 3999 185 4063; x_wconf 83' lang='lat' dir='ltr'><strong>pus,</strong></span> <span class='ocrx_word' id='word_1_238' title='bbox 217 3983 302 4064; x_wconf 88' lang='lat' dir='ltr'><strong>quia</strong></span> <span class='ocrx_word' id='word_1_239' title='bbox 334 3999 380 4046; x_wconf 90' lang='lat' dir='ltr'><strong>ex</strong></span> <span class='ocrx_word' id='word_1_240' title='bbox 411 3982 500 4046; x_wconf 89' lang='lat' dir='ltr'><strong>Jure</strong></span> <span class='ocrx_word' id='word_1_241' title='bbox 529 3980 808 4045; x_wconf 86' lang='lat' dir='ltr'><strong>Internaticnali</strong></span> <span class='ocrx_word' id='word_1_242' title='bbox 856 3980 952 4043; x_wconf 89' lang='lat' dir='ltr'><strong>hanc</strong></span> <span class='ocrx_word' id='word_1_243' title='bbox 999 3978 1226 4042; x_wconf 90' lang='lat' dir='ltr'><strong>coactionem</strong></span> 
     </span>
     <span class='ocr_line' id='line_1_37' title="bbox 115 4084 1226 4169; baseline 0 -21"><span class='ocrx_word' id='word_1_244' title='bbox 115 4103 280 4153; x_wconf 81' lang='lat' dir='ltr'><strong>exercere</strong></span> <span class='ocrx_word' id='word_1_245' title='bbox 297 4087 488 4153; x_wconf 87' lang='lat' dir='ltr'><strong>dumtaxat</strong></span> <span class='ocrx_word' id='word_1_246' title='bbox 505 4088 603 4169; x_wconf 87' lang='lat' dir='ltr'><strong>licet,</strong></span> <span class='ocrx_word' id='word_1_247' title='bbox 622 4087 737 4151; x_wconf 90' lang='lat' dir='ltr'><strong>donec</strong></span> <span class='ocrx_word' id='word_1_248' title='bbox 754 4088 957 4169; x_wconf 86' lang='lat' dir='ltr'><strong>attingatur</strong></span> <span class='ocrx_word' id='word_1_249' title='bbox 975 4084 1096 4149; x_wconf 90' lang='lat' dir='ltr'><strong>damni</strong></span> <span class='ocrx_word' id='word_1_250' title='bbox 1129 4101 1226 4148; x_wconf 92' lang='lat' dir='ltr'><strong>com-</strong></span> 
     </span>
     <span class='ocr_line' id='line_1_38' title="bbox 116 4192 1226 4279; baseline -0.001 -23"><span class='ocrx_word' id='word_1_251' title='bbox 116 4197 286 4278; x_wconf 89' lang='lat' dir='ltr'><strong>pensatio,</strong></span> <span class='ocrx_word' id='word_1_252' title='bbox 304 4196 460 4279; x_wconf 91' lang='lat' dir='ltr'><strong>injuriae</strong></span> <span class='ocrx_word' id='word_1_253' title='bbox 489 4194 691 4259; x_wconf 82' lang='lat' dir='ltr'><strong>satisfactio</strong></span> <span class='ocrx_word' id='word_1_254' title='bbox 709 4193 771 4258; x_wconf 89' lang='lat' dir='ltr'><strong>vel</strong></span> <span class='ocrx_word' id='word_1_255' title='bbox 791 4193 883 4276; x_wconf 88' lang='lat' dir='ltr'><strong>juris</strong></span> <span class='ocrx_word' id='word_1_256' title='bbox 912 4192 1096 4257; x_wconf 86' lang='lat' dir='ltr'><strong>vulnerati</strong></span> <span class='ocrx_word' id='word_1_257' title='bbox 1124 4207 1226 4256; x_wconf 87' lang='lat' dir='ltr'><strong>reco-</strong></span> 
     </span>
    </p>
   </div>
   <div class='ocr_carea' id='block_1_4' title="bbox 0 0 1560 4994">
    <p class='ocr_par' dir='ltr' id='par_1_8' title="bbox 0 0 1560 4994">
     <span class='ocr_line' id='line_1_39' title="bbox 0 0 1560 4994; baseline 0 0"><span class='ocrx_word' id='word_1_258' title='bbox 0 0 1560 4994; x_wconf 95' lang='lat' dir='ltr'><strong> </strong></span> 
     </span>
    </p>
   </div>
  </div>
 </body>
</html>
