3096 4986
567 425 727 492 ..75-

96 573 209 640 datore
242 563 642 659 potestatem'accepit
667 595 794 643 veram
826 578 933 644 fidem
966 579 1208 643 annuntiandi

95 681 221 744 cunctis
234 682 404 763 gentibus
420 683 635 766 (praedicate
652 685 864 768 eoanpelium
891 686 984 750 omni
997 690 1205 765 creaturae),

95 783 235 867 ideoque
248 803 333 850 suos
347 787 542 867 Apostolos
561 790 597 852 in
615 789 823 854 universum
838 791 1007 855 mundum
1041 791 1207 855 mittendi

94 891 190 964 titeia
203 893 369 956 muudum
383 896 700 978 uniuersumi,qain
714 896 1125 964 adhocsacratissimum
1136 917 1207 962 mu·

97 1011 154 1060 nus
169 999 373 1064 obeundum
391 1002 502 1065 venia
515 1001 735 1085 Principum,
750 1005 980 1069 auctoritatis
994 1006 1112 1070 civilis
1126 1023 1208 1069 con-

96 1117 192 1166 sensu
211 1105 270 1168 vel
284 1123 513 1189 quocumque
531 1107 666 1188 placito
685 1109 839 1172 humano
857 1109 1031 1191 indigeat:
1051 1110 1133 1172 huic
1151 1127 1207 1173 su-

97 1223 235 1286 premas
248 1218 359 1293 atque
388 1211 536 1276 divinae
569 1215 742 1294 potestati
770 1217 977 1280 necessario
1011 1214 1211 1297 respondet

94 1311 146 1389 jus
161 1321 198 1376 et
214 1316 384 1398 officium,
402 1311 552 1398 quorum
571 1319 609 1382 vi
621 1318 753 1400 singuli
770 1320 933 1382 homines
950 1322 987 1382 et
999 1327 1146 1402 possum
1173 1325 1210 1382 et

100 1419 208 1485 aetem
220 1421 327 1488 fldem
340 1423 581 1488 christianam
599 1425 772 1506 amplecti
790 1426 862 1509 (qui
878 1425 1107 1490 crediderit...
1141 1424 1206 1489 oal-

99 1546 153 1590 oae
167 1532 260 1607 erit).

179 1633 269 1698 Hinc
285 1637 463 1720 sequitur:
480 1639 506 1714 ⁸)
524 1635 699 1719 injuriose
716 1653 827 1718 agere
843 1654 905 1700 eos
923 1637 985 1719 qui
1011 1635 1212 1701 catholicos

101 1738 334 1806 missionarios
376 1749 515 1807 vexant
544 1750 607 1807 aut
638 1751 917 1825 persequuntur,
948 1745 1006 1808 vel
1047 1744 1211 1808 infideles

102 1849 253 1911 converti
275 1851 443 1938 volentes
482 1849 685 1931 impediunt
708 1857 772 1913 aut
805 1851 1018 1930 insectatum
1035 1847 1062 1926 ¹³)
1087 1849 1206 1914 Eccle·

23 1995 24 2000 η
102 1950 339 2032 siam,adsuos
353 1955 601 2019 missionarios
615 1965 726 2038 atque
740 1973 937 2020 conversos
951 1956 1209 2036 defendendos,

104 2057 267 2143 simulque
282 2063 372 2144 ipsis
390 2061 629 2126 adversantes
662 2061 874 2144 puniendos,
895 2064 968 2127 vim
987 2077 1165 2126 armatam
1189 2079 1212 2124 n

104 2161 316 2248 Principibus
333 2169 542 2232 christianis
560 2169 696 2250 optimo
706 2169 788 2250 jnre
802 2169 998 2250 implorare
1012 2185 1131 2252 posse,
1150 2167 1212 2250 qui

106 2286 163 2348 pro
178 2291 240 2337 sua
258 2275 436 2338 facultate
450 2292 529 2338 eam
548 2275 783 2357 suppeditare
797 2280 978 2357 tenentur,
999 2287 1037 2338 ut
1050 2275 1133 2356 Jura
1148 2273 1211 2337 Ec·
1299 2298 1301 2302 ¹

107 2377 238 2458 clasiae,
256 2399 485 2464 quacumque
499 2383 774 2464 impugnatione
790 2381 869 2445 sive
887 2382 1032 2445 interna
1048 2382 1127 2444 sive
1152 2397 1210 2443 ex·

107 2489 199 2548 terna
211 2489 369 2570 repulsa,
389 2490 434 2552 ab
452 2490 617 2553 omnibus
631 2495 883 2553 revereantur.

185 2591 345 2658 Ecclesia
362 2595 539 2659 facultate
556 2595 663 2658 etiam
683 2592 817 2676 gaudet
834 2598 973 2658 rectam
1006 2592 1110 2656 fldem
1130 2610 1211 2656 aca-

108 2695 234 2763 tholicis
254 2700 492 2781 praedicandi
510 2709 547 2764 et
565 2701 712 2764 unitatis
737 2701 993 2764 necessitatem
1011 2699 1212 2763 schismati·

109 2807 332 2882 medicanda
347 2824 429 2870 nam
446 2805 567 2889 quoad
580 2805 809 2886 dissidentes,
819 2807 887 2869 etsi
900 2805 935 2868 hl
950 2823 1015 2887 per
1027 2804 1213 2886 Baptisma

23 2979 24 3006 ¹
109 2905 139 2970 in
155 2911 302 2975 lnfantia
318 2921 526 2994 susceptum
544 2913 588 2993 (si
605 2913 675 2976 rite
692 2911 863 2976 collatum
877 2913 941 2991 sit)
956 2912 1116 2976 habitum
1132 2911 1214 2974 fidei

110 3017 312 3098 receperint,
333 3026 454 3083 tamen
472 3037 538 3101 per
555 3020 735 3084 haeresim
751 3020 941 3083 formalem
959 3020 1060 3083 illum
1086 3021 1214 3081 amise-

23 3139 24 3176 ὲ
113 3135 193 3202 rana
211 3133 246 3186 et
262 3122 310 3188 ad
326 3123 578 3188 schismaticos
595 3124 691 3206 quod
707 3125 849 3206 attinet,
867 3125 954 3188 licet
973 3125 1078 3188 fidem
1109 3121 1214 3204 profl-

22 3248 24 3294 ἑ
110 3231 249 3312 teantur,
267 3249 348 3296 eam
368 3232 601 3296 nihilominus
617 3249 685 3295 nec
697 3232 822 3296 vivam
839 3232 974 3294 habent
987 3232 1080 3294 sicut
1095 3235 1212 3292 caete·

22 3315 24 3374 ἕ
110 3333 369 3416 ripeccatores,
392 3354 510 3419 neque
527 3338 663 3401 habere
688 3342 839 3419 possunt
850 3337 996 3400 ratione
1020 3335 1075 3398 sui
1098 3342 1216 3398 status

22 3463 24 3536 ς
109 3444 238 3507 socialis
250 3461 315 3508 seu
333 3444 552 3523 schismatis,
568 3453 604 3508 et
617 3444 764 3508 aliunde
780 3445 815 3507 in
830 3443 1009 3507 haeresim
1024 3441 1215 3505 formalem

23 3549 24 3558 ’
109 3551 306 3629 saepissime
319 3549 416 3632 lapsi
428 3555 524 3630 sunt,
540 3549 625 3632 qnia
642 3555 680 3614 ut
697 3549 890 3631 plurimum
908 3547 1057 3611 Romani
1072 3545 1215 3610 Pontifi-

22 3703 24 3742 l

22 3753 24 3796 l

22 3797 24 3826 i

22 3839 24 3884 l

22 3895 24 3944 l

22 3681 45 3768 5
110 3651 153 3715 cis
167 3657 417 3720 auctoritatem
432 3661 469 3720 et
486 3657 741 3720 necessitatem
754 3654 870 3720 eidem
884 3654 1038 3736 parendi
1055 3653 1216 3716 inlician-

111 3763 170 3821 tur:
185 3760 266 3826 haic
284 3762 440 3826 salutari
455 3761 620 3826 facultati
639 3767 677 3825 et
694 3761 870 3826 altissimo
889 3759 1077 3824 Ecclesiae
1096 3775 1214 3822 mune·

110 3862 136 3925 ri
148 3868 304 3944 perfecte
322 3872 501 3930 consonat
514 3867 575 3949 jus
599 3875 635 3930 et
665 3866 834 3946 officium,
862 3865 959 3949 quod
983 3864 1147 3928 omnibus
1181 3869 1220 3926 et

22 3967 23 3970 ’
110 3968 246 4052 singulis
263 3972 500 4037 heterodoxis
518 3981 555 4036 et
571 3972 814 4036 schismaticis
830 3971 936 4050 inest,
962 3970 1069 4034 fldem
1097 3969 1216 4034 ortho-

22 4095 24 4152 23
111 4071 228 4142 doxam
245 4078 493 4160 amplectendi
509 4083 547 4142 et
561 4079 609 4142 ad
632 4079 751 4142 sinam
773 4093 888 4142 verae
915 4075 1105 4140 Ecclesiae
1137 4093 1219 4140 sese

111 4187 340 4270 confugiendi.

187 4293 279 4359 Hinc
297 4293 435 4377 pariter
452 4295 700 4378 consequitur:
717 4293 744 4373 ⁸)
763 4307 887 4356 omnes
905 4289 967 4372 qui
991 4307 1092 4354 usum
1109 4287 1219 4353 ratio·
