3028 4992
758 353 940 412 -314-

295 501 482 565 cessionem
498 499 536 564 in
558 495 862 582 praecedentibus
879 497 996 580 pactis
1013 495 1177 558 fulcitam
1193 511 1285 576 esse,
1299 491 1435 576 quoad

295 621 385 670 vero
405 623 592 670 armorum
605 605 871 690 prohibitionem
889 621 968 668 esse
986 602 1221 684 repetendam
1238 619 1285 666 ex
1317 617 1433 683 prae-

296 717 404 794 cepto
422 712 517 775 alias
537 712 612 774 lato
632 711 731 774 circa
749 709 1004 774 commercium
1036 725 1117 770 oum
1140 707 1346 781 Saracenis,
1379 723 1433 769 ne

298 817 495 900 indigenae
513 835 621 882 arma
639 817 676 880 in
693 816 911 880 christianos
927 819 1116 878 verterant
1127 831 1208 877 cum
1234 811 1435 893 religionis

302 925 520 990 detrimento
539 923 600 988 vel
618 929 746 987 eontra
761 939 877 987 novos
894 921 1057 986 dominos
1074 927 1110 984 et
1134 920 1316 1002 legitimos
1342 937 1433 1000 pos·

298 1049 474 1096 sessores:
492 1031 518 1114 b)
532 1030 629 1112 apud
645 1029 837 1094 historicos
853 1029 964 1092 etiam
980 1028 1020 1091 iit
1052 1027 1186 1090 mentio
1211 1027 1309 1089 aliae
1339 1041 1431 1088 con-

302 1137 486 1201 ventionis
504 1153 600 1200 anno
615 1135 703 1200 1480
714 1137 809 1198 inter
822 1132 999 1199 Coronam
1017 1133 1227 1198 Lusitaniae
1236 1137 1273 1196 et
1286 1129 1432 1195 Castel

299 1237 359 1308 l'ae
390 1243 602 1306 celebratae
618 1242 812 1306 occasione
822 1241 1031 1306 certaminis
1044 1257 1110 1322 per
1122 1238 1298 1322 quasdam
1308 1253 1433 1300 naves

300 1351 489 1434 utriusque
504 1351 608 1432 regni
621 1351 749 1430 habiti;
768 1355 806 1414 ut
819 1355 939 1414 autem
971 1349 1144 1430 deinceps
1176 1347 1268 1411 tales
1302 1345 1432 1409 confli-

299 1465 381 1522 ctus
399 1467 436 1521 et
452 1473 599 1540 pugnae
616 1458 834 1538 vitarentur,
854 1456 1023 1536 utrinque
1039 1461 1186 1536 pactum
1211 1459 1267 1516 est
1283 1451 1433 1516 Lusita-

299 1581 367 1628 nos
387 1569 526 1628 tantum
554 1563 600 1626 ad
624 1580 708 1627 oras
733 1561 896 1627 Guineas
914 1563 1092 1643 navigare
1121 1565 1158 1624 et
1190 1557 1430 1624 castellanos

299 1669 348 1733 ad
366 1669 542 1734 Canariae
561 1668 785 1731 solummodo
803 1668 1012 1749 pertingere
1030 1681 1149 1746 posse:
1169 1665 1195 1742 ⁰)
1212 1663 1312 1726 edita
1330 1679 1434 1726 anno

302 1775 390 1838 1493
407 1775 453 1837 ab
477 1773 688 1838 Alexandro
705 1773 755 1836 VI
780 1771 928 1836 laudata
945 1770 1210 1836 Constitutione
1226 1771 1326 1834 Inter
1351 1789 1432 1834 coe·

303 1889 379 1946 tero
397 1880 443 1944 ad
461 1881 728 1961 praeficiendos
745 1879 917 1942 terminos
935 1879 1202 1959 possessionum
1234 1875 1432 1957 Portugal-

300 1989 374 2052 liae
407 1995 443 2050 et
461 1986 657 2068 castellae,
677 1985 810 2050 limites
828 1985 985 2066 Regibus
1002 1984 1259 2066 Hispaniarum
1278 1999 1431 2046 conces·

300 2095 331 2158 si
348 2095 370 2158 J
373 2095 481 2158 oanni
499 2093 711 2157 Lusitaniae
724 2093 803 2170 regi
821 2091 925 2154 nimis
939 2091 1221 2172 prueJudicialcs
1237 2091 1308 2153 visi
1327 2093 1431 2168 sunt;

301 2209 527 2284 quapropter
544 2199 752 2281 pactionem
768 2215 847 2262 cum
863 2198 960 2278 Rege
974 2197 1159 2262 Castaliae
1170 2197 1260 2278 iniit,
1276 2201 1316 2259 ut
1328 2197 1433 2260 linea

301 2308 491 2373 divisionis
505 2323 572 2388 per
587 2305 836 2369 Alexandrum
852 2305 901 2368 VI
919 2305 1111 2386 designata
1134 2321 1206 2368 non
1238 2309 1432 2368 construe-

300 2419 402 2478 retur
419 2419 563 2476 centum
579 2412 693 2474 leucis
707 2411 752 2474 ad
770 2411 995 2474 occidentem
1013 2418 1050 2474 et
1075 2409 1261 2474 meridiem
1292 2411 1433 2474 insula-

301 2538 379 2584 rum
398 2535 491 2601 quae
506 2519 616 2600 vulgo
634 2524 889 2598 nuncupantur
901 2519 942 2582 de
958 2519 1012 2584 las
1028 2516 1157 2582 Acorea
1169 2535 1194 2598 y
1206 2515 1294 2583 Gobo
1314 2517 1432 2596 corde,

301 2625 366 2688 sed
380 2625 623 2688 fabricaretur
641 2643 664 2686 a
676 2623 844 2705 longiori,
859 2629 1011 2688 servata
1043 2629 1246 2688 tercentum
1280 2627 1431 2704 septua-

301 2731 404 2811 ginta
421 2731 608 2794 leucarum
623 2731 809 2794 distantia.

390 2835 473 2899 Jam
491 2853 592 2916 vero,
613 2835 902 2918 praesuppositis
934 2835 1034 2898 hisce
1062 2837 1217 2918 aliisque
1249 2835 1433 2899 similibus

302 2943 619 3024 conventionibus,
640 2943 767 3006 mirum
786 2959 956 3006 essenon
973 2941 1082 3006 debet
1105 2943 1201 3025 quod
1232 2942 1432 3006 Pontifices

303 3049 465 3130 Maximi,
485 3049 709 3129 aequitatem
727 3048 931 3113 naturalem
949 3053 986 3112 et
1003 3053 1146 3112 mutuas
1163 3049 1326 3129 gentium
1341 3048 1432 3112 obli·

302 3159 469 3238 gationes
497 3157 661 3235 reveriti,
683 3155 859 3237 ejusmodi
892 3159 1003 3236 pacta
1022 3156 1159 3237 jugiter
1190 3173 1281 3238 prae
1313 3153 1430 3218 oculis

304 3263 509 3342 habuerint,
529 3263 671 3344 quoties
685 3261 729 3325 de
747 3261 940 3324 territoriis
958 3261 1183 3342 elargiendis
1201 3261 1263 3326 vel
1280 3260 1429 3342 privile-

303 3369 372 3450 giis
389 3369 620 3432 declarandis
637 3374 821 3449 ageretur.

394 3474 469 3536 184.
522 3473 709 3537 Hactenus
721 3479 833 3537 totam
848 3490 973 3537 curam
986 3473 1228 3555 impendimus
1240 3473 1430 3554 explican-

307 3577 362 3641 dis
380 3580 500 3660 factiS,
519 3597 613 3660 quae
631 3597 677 3644 ex
694 3579 868 3644 historica
886 3579 994 3644 medii
1007 3581 1092 3644 aevi
1108 3579 1260 3662 periodo
1279 3585 1319 3642 ut
1353 3581 1429 3662 plu-

304 3685 433 3748 rimum
447 3685 663 3768 deprompta
677 3687 780 3750 nobis
797 3687 957 3767 objicere
973 3687 1093 3750 solent
1118 3688 1242 3751 hostes
1271 3685 1431 3752 Sanctae

304 3788 419 3871 Sedis,
438 3793 622 3856 criminali
639 3811 751 3874 scopo
769 3811 812 3857 ac
825 3793 1046 3876 nequissima
1064 3801 1185 3859 mente
1217 3794 1431 3858 memoriam

305 3897 547 3962 Romanorum
568 3899 781 3964 Pontificum
798 3901 894 3964 omni
926 3901 1169 3965 convitiorum
1200 3917 1340 3982 genere
1370 3901 1431 3964 ob·

305 4005 490 4084 scurandi,
510 4023 708 4087 eorumque
725 4006 858 4087 agendi
871 4007 1049 4072 rationem
1062 4007 1166 4070 falsis
1183 4023 1229 4071 ac
1251 4015 1429 4089 systema-

305 4108 388 4170 ticis
404 4111 697 4176 accusationibus
710 4111 958 4193 impugnandi3
978 4112 1084 4176 modo
1097 4118 1220 4177 autem
1238 4113 1286 4176 ad
1314 4113 1429 4177 consi·

300 4212 517 4320 derationes
552 4217 639 4280 novi
669 4217 805 4281 ordinis
836 4219 1034 4300 confugere
1063 4218 1228 4300 cogimur
1256 4237 1323 4302 pro
1347 4217 1430 4282 aliis
