3096 4986
477 658 739 725 ARTIOULUS
756 659 803 725 ΙΙ.

514 836 760 903 sarcasmus.

98 1014 116 1063 i.
126 1010 268 1066 Secundus
280 1011 387 1064 abusu·
401 1016 551 1079 potestatis
564 1015 725 1065 saecularis:
740 1011 898 1067 Nominatio
910 1013 986 1082 repta
998 1015 1061 1081 jure
1075 1013 1203 1082 repolire.

159 1113 178 1122 -
189 1088 212 1136 9.
227 1084 402 1137 ostendatur
415 1085 590 1150 Principibus
613 1087 721 1137 nullum
735 1101 799 1138 esse
811 1088 858 1152 jus
873 1088 1017 1152 proprium
1032 1089 1076 1139 vel
1096 1101 1205 1152 reprae-

155 1157 326 1210 sentativum
340 1171 392 1222 pro
412 1156 596 1208 instituendis
609 1161 658 1208 aut
671 1157 858 1222 designandis
884 1158 1027 1210 Ecclesiae
1056 1158 1203 1210 llinistris.

156 1231 230 1279 -ra
247 1230 293 1278 An
306 1228 402 1278 Status
413 1227 449 1278 ab
463 1229 611 1294 Episcopis
624 1227 738 1293 exigere
761 1229 851 1294 possit
864 1228 986 1292 speciale
1010 1231 1205 1296 juramentum

157 1299 392 1351 fidelitatis—ll.
408 1299 640 1350 Adversariorum
656 1299 832 1366 objectiones
845 1300 1019 1352 refellantur.

173 1477 204 1540 8.
254 1477 355 1541 Inter
374 1477 506 1541 abusus
524 1477 712 1542 Ecclesiae
725 1476 1044 1558 independentiam
1059 1477 1204 1540 laeden-

99 1585 145 1643 tes
159 1585 340 1647 recenseri
358 1593 517 1648 meretur
535 1585 732 1648 nominatio
747 1601 934 1648 sacrorum
948 1584 1204 1665 Ministrorum‚

101 1703 191 1767 quam
208 1689 425 1753 Janseniani
443 1697 478 1752 ct
496 1690 704 1771 Regalistae
732 1688 961 1770 Principibus
994 1689 1207 1770 adjudicant

101 1794 266 1877 relutijus
282 1797 524 1884 propriumne
543 1797 705 1860 nativum
724 1813 882 1860 coronae
900 1797 1137 1878 vinculatum;
1153 1803 1204 1860 ta·

100 1917 169 1964 men
184 1921 423 1984 praemonere
442 1909 586 1984 oportet
603 1921 675 1968 non
693 1921 817 1967 omnes
835 1903 962 1967 eodem
976 1887 1081 1968 modo
1097 1909 1206 1986 atque

102 2009 167 2085 pari
181 2009 412 2074 deformitate
438 2012 630 2074 aberrasse
648 2010 717 2074 hac
733 2011 770 2074 in
798 2027 850 2091 re,
870 2011 956 2074 licet
976 2011 1206 2074 consentiant

102 2112 131 2174 in
145 2117 372 2196 agnoscenda
389 2125 425 2181 et
442 2117 641 2182 asserenda
658 2124 841 2199 tamquam
856 2118 1065 2181 necessaria
1082 2117 1206 2198 aliqua

102 2222 369 2304 participatione
386 2224 579 2306 potestatis
597 2225 721 2304 regiae
741 2225 799 2286 vel
828 2223 1058 2286 auctoritatis
1087 2223 1206 2287 civilis

103 2342 155 2405 pro
170 2328 399 2394 instituendis
416 2330 677 2394 ecclesiasticis
695 2329 882 2410 ministris;
902 2330 965 2392 sed
977 2331 1083 2410 juxta
1097 2330 1207 2410 majo·

103 2448 164 2496 rem
180 2437 239 2500 vel
264 2437 440 2501 minorem
457 2437 644 2518 regalismi
660 2435 813 2518 gradum
831 2437 912 2517 plus
930 2435 1095 2498 minusve
1114 2453 1206 2498 com-

103 2545 272 2621 petentiae
286 2549 350 2608 aut
363 2544 642 2608 interventionis
660 2543 836 2625 potestati
853 2543 1035 2606 saeculari
1065 2543 1207 2608 tribuis·

104 2649 173 2714 sein
189 2669 426 2734 personarum
443 2651 703 2715 constitutione
717 2668 781 2715 seu
798 2650 1060 2732 designatione.

176 2758 398 2842 Regalistae,
416 2760 476 2841 qui
494 2759 688 2840 rigidiores
702 2757 865 2839 audiunt,
894 2757 1116 2822 contendunt
1135 2759 1208 2839 (vel

105 2863 205 2938 potius
223 2865 505 2944 contendebant,
526 2864 612 2946 quia
624 2863 730 2928 hodie
747 2863 921 2945 ejusmodi
947 2865 1085 2945 placita
1101 2866 1209 2946 plene

106 2965 254 3035 obsoleta
271 2975 368 3052 sunt,
400 2975 436 3034 et
452 2971 483 3034 si
500 2988 625 3034 rursus
651 2975 851 3051 tuerentur,
869 2971 1034 3052 proiecto
1067 2972 1209 3052 magnis

105 3075 275 3142 cachinnis
292 3077 558 3160 reciperentur)
575 3080 794 3159 potestatem
813 3074 957 3142 Ordinis
987 3077 1056 3141 etsi
1086 3076 1210 3140 valide

105 3191 278 3266 acceptam
296 3203 369 3249 non
386 3202 493 3268 posse
511 3185 610 3248 licite
627 3184 793 3248 exerceri
822 3183 959 3266 absque
977 3183 1209 3264 beneplacito

104 3291 189 3372 regio
205 3294 362 3377 ideoque
378 3293 498 3376 puniri
515 3309 622 3375 posse
639 3292 775 3356 acivili
792 3291 1009 3354 auctoritate
1022 3290 1209 3371 presbyte-

105 3411 153 3460 ros
168 3397 317 3466 Sacrum
333 3399 524 3480 facientes,
559 3399 645 3482 quin
663 3399 821 3462 debitam
838 3399 1051 3462 facultatem
1069 3415 1090 3460 a
1108 3396 1212 3465 Statu

104 3498 381 3587 impetraverint;
410 3509 630 3588 potestatem
647 3522 736 3569 vero
753 3505 775 3570 J
779 3503 1022 3568 urisdictionis
1049 3504 1212 3571 invalide

105 3609 200 3676 etiam
219 3612 387 3677 exerceri
403 3612 534 3677 saltem
553 3611 591 3676 in
604 3611 683 3674 loro
698 3615 863 3675 externo.
922 3603 927 3608 ’

177 3717 388 3802 Regalistac
404 3719 566 3783 mitiores
583 3717 783 3799 nuncupati
799 3719 968 3780 asserunt
992 3713 1133 3781 Statum
1166 3715 1212 3778 ci·

105 3821 200 3889 vilem
216 3825 362 3890 ratione
374 3823 622 3907 suprematiae
641 3822 859 3904 (Salarama)
877 3831 913 3888 et
929 3823 1117 3904 Principes
1134 3837 1212 3884 sae·

107 3929 234 3997 culares
250 3931 290 3998 vi
309 3931 537 4014 principatus
566 3930 740 4016 (Rapalta)
755 3931 814 4010 jus
843 3929 980 3994 habere
999 3925 1213 4008 designandi

16 4019 18 4048 ³
106 4041 158 4101 aut
171 4037 381 4104 nominandi
397 4037 582 4104 Ministros
599 4037 660 4118 qui
677 4037 723 4100 ab
737 4035 904 4100 Ecclesia
920 4035 994 4100 sint
1007 4033 1212 4116 ordinandi,

16 4435 18 4574 l

16 4699 18 4807 l

107 4148 137 4207 et
150 4145 398 4211 ecclesiastica
410 4144 664 4228 jurisdictione
681 4141 853 4206 donandi.

182 4253 213 4320 9.
257 4253 315 4320 Ad
342 4253 533 4320 Ecclesiae
550 4253 757 4318 libertatem
771 4251 810 4316 ln
826 4267 867 4316 re
898 4253 974 4314 tam
1003 4246 1127 4331 magni
1143 4263 1213 4311 mo·

1146 4358 1162 4402 a
