3096 4986
567 333 726 393 ..ῃ-

98 478 214 544 falsam
227 478 431 544 doctrinam
450 477 648 559 suadendo,
675 478 735 542 vel
769 479 996 544 voluntatem
1029 477 1205 543 seducere

27 587 30 672 ζ
100 594 220 666 queant
236 587 353 650 bonos
370 603 488 650 mores
505 584 755 667 depravando;
773 583 799 664 l)
822 587 1079 670 praeveniendo
1113 586 1204 668 peri·

27 673 29 708 ²
100 692 499 774 cula,quaeelflcacem
531 692 735 756 catholicae
767 692 955 757 doctrinae
990 693 1206 775 propositio-

100 812 169 862 nent
193 807 230 862 et
247 801 515 880 susceptionem
547 800 583 863 in
612 797 807 863 discrimen
836 815 1014 863 revocare
1042 799 1205 878 valeant3

26 949 28 994 Ξ
102 903 172 968 inde
180 906 239 985 jhs
256 904 445 970 Ecclesiae
462 913 535 993 tum
553 903 721 986 exigendi
751 924 773 967 a
789 903 954 969 fidelibus
974 915 1011 968 ut
1029 921 1205 986 praeven-

101 1011 187 1074 tirae
201 1027 377 1076 censurae
393 1011 589 1092 subjiciant
605 1011 717 1074 libros
735 1011 779 1074 de
795 1011 903 1076 rebus
931 1011 1112 1092 religiosis
1147 1009 1207 1074 vcl

26 1175 28 1200 ,
102 1131 171 1180 cum
189 1117 241 1182 eis
269 1119 445 1182 connexis
473 1123 754 1200 pertractantes,
785 1122 860 1183 tum
889 1117 1117 1200 approbandi
1146 1133 1232 1180 eos·

26 1289 27 1300 ἶ
102 1224 153 1305 qui
168 1223 212 1288 de
228 1223 403 1306 religione
417 1224 561 1306 publice
578 1223 710 1288 docere
735 1219 798 1288 aut
826 1223 1013 1306 disputare
1046 1221 1208 1287 intende·

26 1347 27 1378 1
102 1328 173 1394 rint.

180 1435 233 1500 42.
281 1438 334 1501 3.⁰
370 1436 521 1502 Praeter
549 1442 768 1519 potestatem
801 1437 989 1502 Ecclesiae
1021 1435 1207 1518 propriam

106 1543 281 1608 catholicis
298 1561 423 1608 veram
443 1543 643 1608 doctrinam
663 1544 901 1626 proponendi,
920 1543 1037 1607 eidem
1056 1541 1201 1606 insitum

105 1657 152 1713 est
178 1651 232 1731 jus
265 1651 390 1715 fideles
422 1651 633 1716 instituendi
666 1657 776 1733 atque
808 1649 1049 1715 conservandi
1084 1647 1207 1712 infide

107 1754 304 1838 christiana,
325 1757 420 1840 quod
437 1757 581 1839 quidem
606 1759 861 1839 gravissimum
891 1773 1018 1820 munus
1036 1761 1072 1818 et
1105 1769 1207 1836 prae·

107 1864 350 1928 stantissinrum
383 1865 540 1929 officium
559 1865 694 1947 triplici
711 1871 818 1946 pacto
836 1863 1036 1944 adimplere
1054 1861 1159 1925 solet:
1178 1861 1210 1938 ⁸)

108 1971 242 2054 orpcudo
256 1971 507 2036 adsistentiam
527 1970 573 2035 ad
590 1969 900 2052 praedicationem
917 1970 954 2033 in
971 1967 1150 2048 Ecclesia,
1170 1973 1209 2030 nt

108 2074 219 2140 fideles
233 2077 469 2142 christianam
487 2077 688 2142 doctrinam
706 2077 814 2140 tacite
834 2075 1026 2139 addiscant
1044 2081 1153 2155 atque
1172 2074 1209 2135 in

108 2181 219 2246 eadem
234 2191 305 2248 tum
324 2184 534 2268 speculative
551 2201 613 2247 seu
634 2181 754 2266 quoad
769 2181 1006 2260 intellectum,
1026 2185 1100 2242 tum
1125 2197 1209 2262 pra·

111 2291 184 2355 cticc
195 2309 255 2356 seu
271 2290 391 2373 quoad
405 2291 630 2355 voluntatem
644 2291 848 2371 proficiant:
864 2287 961 2352 aliud
975 2287 1070 2350 enirn
1084 2293 1138 2348 est
1152 2283 1209 2348 de-

110 2393 274 2462 finitiones
287 2397 371 2461 fidoi
385 2397 421 2460 in
438 2397 602 2461 conciliis
620 2403 682 2460 aut
705 2397 779 2459 alia
792 2395 1008 2460 documenta
1028 2392 1063 2456 vi
1098 2391 1208 2472 magi·

110 2505 198 2567 statii
210 2505 403 2588 dogmatici
420 2509 526 2568 extra
541 2504 732 2568 concilium
746 2501 932 2582 edere,vel
947 2498 1210 2581 prohibitiones

110 2606 267 2675 librorum
300 2619 364 2674 aut
395 2611 678 2693 approbationes
711 2607 919 2672 eorumdem
950 2604 1208 2668 auctoritative

113 2715 206 2798 ierre,
221 2705 318 2782 a'liud
335 2735 422 2782 vero
437 2733 560 2782 curam
574 2715 796 2798 impendere,
824 2725 862 2778 ut
878 2711 1011 2795 singuli
1029 2711 1154 2775 iideles
1171 2711 1209 2774 in

112 2822 275 2888 catholica
298 2823 464 2888 doctrina
481 2823 681 2888 efficaciter
698 2823 944 2901 instituantur;
964 2819 1053 2883 illud
1071 2818 1211 2882 sistitur

112 2927 142 2991 in
153 2931 227 3012 jure
243 2929 399 3014 quodam
414 2929 579 3013 generali
596 2938 632 2993 et
645 2929 763 2993 officio
778 2928 896 3010 potius
911 2925 1124 3003 theoretico,
1141 2923 1209 2987 hoc

113 3042 216 3102 autem
229 3037 275 3102 ad
289 3039 349 3118 jns
365 3038 480 3119 magis
513 3033 714 3118 prdoticum
731 3041 768 3098 et
785 3033 942 3098 cilicium
960 3030 1210 3114 quotidianum

114 3144 343 3208 revocandum
372 3151 440 3208 est.
461 3143 505 3207 Et
529 3143 695 3226 quamvis
720 3139 896 3222 ejusmodi
921 3137 1136 3220 adsistentia
1165 3134 1212 3197 ad

114 3247 185 3313 idei
209 3251 414 3316 catholicae
441 3251 705 3331 expositionem
738 3265 871 3330 pueros
906 3244 1121 3328 praesertim
1156 3257 1210 3304 re·

112 3355 214 3437 spicit,
251 3358 313 3439 qui
345 3356 584 3438 frequentiori
612 3354 775 3435 indigent
799 3351 1049 3426 instructione;
1076 3353 1210 3423 tamen,

116 3462 268 3539 qnoniam
287 3477 361 3526 non
374 3461 507 3526 sufficit
523 3478 581 3525 res
605 3461 718 3524 semel
741 3458 922 3535 didicisse,
942 3453 1134 3518 sedetiam
1152 3469 1208 3516 ne-

115 3583 202 3634 ccsse
231 3573 287 3634 est
318 3567 528 3633 earumdem
559 3568 705 3649 saepius
736 3565 954 3642 meminisse,
984 3561 1068 3624 hinc
1097 3559 1211 3624 adulti

113 3689 239 3759 quoqne
264 3675 552 3741 ecclesiasticam
581 3673 892 3756 praedicationem
910 3669 1144 3750 frequentare
1162 3673 1210 3728 te-

113 3789 242 3865 nentur,
262 3783 417 3848 maxime
440 3799 522 3846 *cnm
540 3781 631 3845 haec
649 3785 817 3862 oporteat
830 3776 942 3841 aetati
960 3781 996 3839 et
1013 3772 1212 3838 evolutioni

113 3891 374 3971 proportionata
397 3889 454 3952 sit.

188 3995 219 4074 h)
243 3993 397 4076 Deinde,
415 3993 581 4058 Ecclesia
609 3993 668 4074 jus
698 3991 823 4055 fideles
840 3987 1040 4054 instruendi
1060 4003 1103 4050 ao
1121 3983 1212 4049 chri·

118 4097 256 4166 stianam
271 4101 477 4166 doctrinam
490 4098 697 4164 inculcandi
712 4097 785 4161 alia
796 4097 938 4160 ratione
953 4097 1214 4174 exercetnem·

113 4217 163 4288 pe,
181 4207 436 4274 determinando
454 4207 608 4270 formam
623 4203 918 4288 praedicationis;
940 4200 987 4265 ad
1012 4199 1215 4263 Ecclesiam
