3038 4994
542 385 725 444 ..235-

82 526 325 592 auctoritatem
342 525 600 594 Successornm
624 529 665 592 B.
685 528 796 609 Petri;
815 529 950 596 etenim
969 529 1068 594 nullo
1087 533 1195 612 pacto
1304 543 1305 548 ’

81 633 281 713 permisceri
300 633 409 699 debet
426 636 528 718 origo
546 635 695 700 dominii
712 636 924 718 temporalis
954 635 1197 702 Romanorum

80 737 296 820 Pontificum,
312 757 406 822 quae
423 741 590 822 praecise
608 742 720 805 statui
737 741 874 824 nequit,
896 759 940 806 ac
956 744 1196 807 nonnisisen·

80 844 136 907 sim
152 861 174 906 a
191 846 363 910 tenuibus
387 847 577 930 principiis
594 849 728 928 coepit,
747 849 809 912 vel
825 849 891 911 snb
909 847 997 929 ipsis
1028 865 1196 930 persecu-

79 951 206 1016 toribus
231 950 429 1018 Christiani
457 955 624 1035 nominis,
644 961 681 1018 et
709 955 827 1018 crevit
854 954 986 1019 deinde
1015 955 1081 1020 sub
1108 954 1195 1020 (ion-

79 1059 229 1122 stuntino
263 1059 493 1142 caeterisque
527 1060 699 1124 Romanis
731 1059 1038 1142 imperatoribus,
1075 1063 1126 1124 ita
1158 1069 1197 1126 ut

78 1161 189 1244 llagni
215 1165 293 1245 Jam
321 1164 511 1248 Principes
528 1166 654 1230 effecti
682 1174 767 1230 sunt
795 1167 904 1248 longe
922 1169 1009 1230 ante
1025 1165 1144 1247 Pipini
1160 1173 1198 1231 et

80 1265 189 1334 Caroli
214 1269 353 1352 Magni,
374 1289 483 1354 quam
501 1277 649 1353 vocant,
669 1271 900 1336 donationem
917 1289 982 1336 seu
998 1274 1196 1336 restitutio-

78 1391 162 1456 nem,
181 1393 267 1440 cum
294 1377 397 1459 regia
425 1376 603 1460 dignitate
621 1383 731 1460 atque
756 1377 924 1441 absoluta
952 1378 1195 1461 independen-

79 1483 133 1563 tia,
146 1501 257 1566 quarn
275 1487 376 1550 nacti
392 1491 477 1550 sunt
492 1493 575 1567 post
593 1485 748 1550 medium
766 1484 904 1548 saeculi
917 1483 1016 1549 VIII.

156 1589 329 1655 Profecto
357 1591 464 1655 fateri
482 1593 645 1673 cogimur
662 1597 790 1655 nostra
807 1597 943 1672 aetate,
958 1591 995 1654 in
1012 1591 1196 1673 publicum

77 1697 205 1760 saeculi
222 1695 314 1762 XIX
330 1697 464 1779 stigma
482 1703 519 1761 et
536 1705 752 1780 perpetuum
771 1697 940 1780 Europae
969 1695 1198 1765 Christianae

78 1803 298 1884 opprobium,
324 1803 524 1868 Romanum
558 1805 769 1868 Pontificem
803 1805 996 1886 temporali
1025 1803 1195 1884 dominio,

78 1923 138 1988 quo
166 1927 234 1991 per
264 1911 539 1992 quatuordecim
564 1912 695 1975 saltem
713 1929 787 1974 non
815 1912 1021 1992 interrupta
1048 1909 1199 1974 saecula

78 2017 318 2080 sacratissimo
344 2018 428 2098 jure
446 2023 482 2081 et
499 2017 661 2098 legitimo
679 2018 784 2080 titulo
803 2018 938 2098 potitus
963 2023 1030 2096 est,
1049 2016 1196 2078 sacrile-

78 2137 127 2200 ge,
143 2123 270 2204 inique
300 2139 344 2186 ae
362 2123 544 2188 violenter
561 2141 641 2187 esse
659 2125 867 2205 spoliatum3
886 2122 951 2186 sed
979 2129 1100 2184 tamen
1119 2137 1196 2201 per·

79 2238 190 2292 manet
207 2230 441 2312 Principatus
459 2232 592 2311 civilis;
613 2233 721 2295 etiam
741 2231 847 2294 hodie
866 2231 998 2295 Christi
1015 2229 1195 2310 Vicarius,

79 2331 155 2398 licet
178 2337 423 2417 exspoliatus,
440 2345 594 2402 vexatus
613 2343 649 2400 et
666 2339 928 2408 incarceratus,
949 2337 1125 2418 dignitate
1143 2352 1196 2399 re·

78 2440 130 2518 giu
145 2443 294 2522 emicat,
313 2451 424 2524 atque
441 2444 479 2506 in
507 2462 574 2508 sua
598 2445 718 2508 fronte
743 2461 809 2526 per
836 2443 1041 2506 diuturnam
1060 2444 1196 2523 passio·

79 2560 150 2610 nem
166 2549 298 2612 attrita
315 2550 474 2630 refulget
491 2549 664 2631 splendor
690 2567 882 2631 supremae
901 2549 1141 2628 auctoritatis,
1161 2553 1198 2612 et

79 2650 109 2714 iu
124 2670 187 2717 suo
206 2655 331 2737 capite
355 2671 463 2718 sacra
488 2657 659 2720 unctione
689 2657 849 2719 delibuto
879 2656 974 2737 gerit
992 2673 1063 2720 non
1080 2655 1197 2718 solum

80 2759 273 2846 trirepaum,
292 2763 485 2844 potestatis
510 2763 711 2843 spiritualis
729 2763 921 2840 emblema,
941 2779 1068 2825 verum
1087 2762 1197 2826 etiam

81 2881 246 2949 coronam,
261 2867 466 2949 symbolum
485 2868 688 2950 majestatis
706 2872 743 2932 et
759 2868 960 2932 saecularis
973 2868 1127 2949 imperii.

159 2973 238 3036 135.
286 2972 332 3037 Et
348 2991 390 3037 re
406 2973 552 3056 quidem
570 2992 672 3055 vera,
693 2975 740 3037 ad
759 2973 1042 3038 dominationem
1061 2985 1196 3056 tempo·

79 3076 183 3142 ralem
211 3079 309 3162 quod
336 3087 492 3162 spectat,
513 3081 577 3143 vix
594 3081 741 3162 aliquod
759 3081 946 3143 saeculum
975 3081 1195 3160 intercessit,

77 3196 141 3262 ¹quo
165 3184 256 3250 ditio
274 3185 473 3266 pontificia,
488 3203 572 3250 num
591 3185 781 3249 hostilibus
798 3185 1064 3249 incursionibus
1081 3185 1196 3265 impe
1294 3225 1295 3228 =

80 3293 233 3355 ratarum
251 3292 313 3355 vel
337 3291 486 3374 Regum,
507 3309 591 3356 num
610 3292 848 3373 perduellium
874 3291 1104 3370 factionibus,
1124 3307 1196 3354 non

80 3393 180 3460 luerit
197 3407 263 3461 aut
279 3397 483 3478 imminuta,
498 3405 560 3460 aut
577 3397 735 3478 sublata,
751 3403 813 3460 aut
831 3397 974 3478 penitus
992 3413 1135 3460 eversa.

158 3503 371 3584 Enimvero,
386 3512 534 3586 praeter
550 3505 776 3568 incursiones
790 3503 1054 3567 Saracenorum
1072 3519 1195 3566 saecu-

81 3604 110 3670 lo
146 3609 215 3674 VII
247 3615 284 3675 et
313 3609 512 3676 Turturum
541 3611 689 3674 saeculo
719 3610 799 3689 XV,
829 3611 888 3692 qui
918 3609 1114 3673 Pontificiis
1143 3627 1196 3672 re-

80 3715 239 3794 gionibus
263 3718 398 3782 bellum
426 3700 628 3781 intulerunt
656 3716 790 3779 adeas
819 3715 1197 3797 occupandas,1mpo·

81 3829 214 3888 ratores
246 3823 417 3888 Franciui
445 3829 508 3886 aut
539 3821 716 3902 Saxones,
747 3819 904 3886 Comites
934 3821 1130 3884 Tusculani
1162 3829 1199 3883 et

82 3923 302 3996 Marciiiones
337 3929 519 4009 Etruriae,
549 3931 729 3994 sactiones
762 3926 898 4008 Oencii,
931 3925 1128 3992 Columnae
1161 3931 1199 3990 et

83 4030 314 4117 Ursiniorum,
332 4036 521 4118 Philippus
549 4037 697 4102 Pulcher
730 4039 972 4116 nuncupatus,
990 4032 1198 4096 Ludovicus

82 4135 252 4224 Bararus,
271 4143 409 4224 Rienai,
427 4141 604 4220 Visoonti,
624 4141 790 4224 Hispani,
819 4138 1004 4220 Germani,
1024 4137 1133 4218 Galli,
1153 4139 1198 4202 si-

84 4260 124 4310 ve
139 4251 203 4314 sub
220 4249 423 4332 republica,
441 4249 522 4314 sive
534 4249 600 4312 sub
617 4249 782 4330 imperio,
799 4245 1056 4329 patrimonium
1074 4244 1197 4308 Eccle-
