3096 4986
571 371 729 432 ..93-

176 511 256 580 Art.
272 515 336 580 3:¹³
384 513 532 598 “Neque
544 515 656 580 ullum
669 531 821 597 prorsus
838 513 1135 596 impedimentum
1153 533 1215 597 po·

97 621 205 702 netur,
223 639 297 704 quo
314 621 425 686 ildem
441 621 645 703 Antistites,
663 621 802 702 aliique
816 621 915 686 sacri
930 621 1086 686 ministri
1105 621 1143 686 in
1160 623 1215 688 sui

97 726 196 791 cilicii
213 729 404 793 functione
421 727 665 809 detineantur,
696 745 765 792 nec
796 728 975 809 quispiam
1006 729 1135 810 quovis
1155 729 1215 794 ob-

97 837 187 898 tentu
203 851 270 899 eos
288 833 457 899 molestia
481 833 618 898 afficiet
634 834 671 898 in
688 834 744 900 hie
762 834 941 912 omnibus,
958 851 1052 916 quae
1068 835 1124 898 sui
1142 853 1228 926 mu3

96 941 182 1004 neris
198 946 298 1021 sunt,
317 939 571 1022 adimplendis.
590 940 666 1005 Imo
684 958 773 1004 vero
804 941 938 1022 singuli
955 941 1059 1022 regni
1084 941 1214 1022 magis·

97 1051 202 1112 natus
218 1046 420 1112 studebunt
435 1047 506 1130 ipsi
536 1046 723 1128 adhibere,
743 1064 918 1130 suamque
934 1065 1083 1128 operam
1112 1047 1214 1129 dare,

97 1156 130 1216 ut
151 1171 277 1218 omnes
296 1153 457 1218 debitam
470 1153 577 1234 Juxta
590 1153 716 1219 divina
741 1152 915 1218 mandata
943 1154 1215 1218 observantiam

98 1277 135 1324 ac
149 1261 397 1326 reverentiam
413 1259 487 1324 illis
513 1260 723 1340 adhibeant,
747 1276 815 1323 nec
831 1259 969 1341 aliquid
987 1260 1050 1324 fiat
1067 1261 1162 1342 quod
1178 1261 1215 1326 in

98 1382 209 1430 eorum
227 1366 388 1432 dedecus
402 1383 447 1431 ac
463 1371 710 1448 contemptum
731 1383 887 1448 vergere
905 1367 1032 1447 possit.
1052 1366 1218 1432 Aderant

98 1471 214 1538 iterum
228 1474 346 1556 Regia
358 1473 533 1554 Maiestas
548 1474 699 1556 ejusque
712 1472 927 1551 gubernium
941 1473 1080 1554 potenti
1095 1477 1214 1553 patro·

98 1577 181 1644 cinio
198 1599 244 1645 ac
261 1579 447 1664 praesidio
460 1599 524 1646 suo
542 1581 732 1663 Episcopis
748 1581 838 1645 illud
856 1598 922 1662 pro
939 1597 979 1644 re
994 1586 1082 1644 nata
1095 1584 1214 1661 postu·

98 1682 260 1769 lantibus,
287 1688 584 1754 maximeautem
616 1687 677 1752 ubi
710 1686 935 1768 improbitati
969 1685 1215 1751 obsistendum

100 1791 139 1856 sit
151 1791 335 1859 hominum
353 1795 415 1878 qui
432 1795 591 1860 fidelium
609 1793 748 1858 mentes
767 1801 995 1876 pervertere,
1013 1793 1075 1858 vel
1092 1809 1216 1858 eornm

100 1913 206 1965 mores
222 1919 461 1984 corrumpere
478 1907 667 1980 conentur3
688 1905 751 1966 aut
782 1901 905 1984 editio,
940 1901 1161 1966 introductio
1180 1905 1217 1965 et

103 2003 319 2072 cncumlatio
336 2025 536 2090 pravorum
553 2008 818 2090 noxiorumque
831 2009 1006 2073 librorum
1019 2007 1215 2089 impedien-

101 2107 142 2172 da
155 2111 233 2198 sit„

472 2445 736 2514 ARTIOULUS
765 2446 832 2514 ΙΙΙ.

527 2659 774 2728 Sunnnruuu.

107 2851 143 2904 u.
152 2852 203 2908 lua
216 2853 366 2908 Ecclesiae
378 2855 471 2922 quoad
483 2853 751 2910 Sacramenta-52.
765 2855 898 2910 Potestas
909 2855 1055 2910 Ecclesiae
1066 2857 1159 2924 quoad
1170 2854 1218 2912 Sa·

162 2925 433 2980 crementata-68.
452 2925 506 2979 Jus
525 2927 703 2980 exclusivum
726 2928 871 2980 Ecclesiae
892 2928 986 2994 quoad
1001 2925 1111 2982 Cultum
1124 2925 1216 2981 Publi-

163 3011 221 3050 cam
234 3013 286 3050 sen
300 2997 414 3050 Sacram
427 2997 583 3063 liturgiam
597 2997 709 3052 ratione
721 2998 773 3051 loci
785 2998 1053 3064 sacriaperagendia
1063 2999 1217 3066 specialiter

163 3065 336 3124 aleca-ts,
356 3067 491 3122 Facultas
515 3070 660 3123 Ecclesiae
682 3075 763 3124 actus
786 3069 934 3136 religiosos
957 3071 988 3122 in
1013 3069 1078 3122 locis
1097 3067 1218 3136 publicis

164 3137 404 3194 exercendi-56.
426 3139 444 3193 J
446 3155 479 3192 us
493 3140 638 3194 Ecclesiae
651 3142 739 3194 relate
751 3141 788 3194 ad
801 3143 908 3195 cultum
922 3143 1031 3194 ratione
1044 3139 1215 3208 temporie.—

165 3213 205 3265 lt.
224 3211 365 3279 Ejusdem
379 3212 572 3279 competentia
584 3213 692 3265 ratione
704 3211 784 3266 modi.

182 3385 238 3454 51.
287 3387 343 3454 De
372 3392 556 3472 potestate
584 3389 724 3455 directa
743 3389 931 3455 Ecclesiae
958 3389 1075 3453 relate
1091 3387 1138 3452 ad
1155 3385 1215 3452 Sa·

107 3501 293 3574 crementa,
311 3492 600 3561 Sacramentalia
618 3503 654 3560 et
671 3496 821 3562 Sacram
838 3495 1053 3578 Litargiam,
1073 3511 1216 3560 necnon
1272 3563 1277 3570 ,

107 3592 371 3666 Adsociationes
395 3605 432 3668 et
457 3599 597 3685 Operas
621 3603 718 3685 Piae,
738 3607 848 3686 atque
873 3599 1027 3668 Ordines
1045 3603 1107 3668 vel
1123 3601 1215 3666 Reli-

108 3699 214 3778 gioaas
242 3705 569 3791 congregationes,
602 3727 790 3792 perpauca
822 3708 996 3790 dicemus,
1025 3712 1101 3774 tum
1132 3708 1217 3790 quia

108 3809 214 3888 autur
229 3813 275 3880 de
292 3814 427 3882 mediis.
437 3816 604 3898 internis,
620 3833 714 3898 quae
729 3816 775 3881 ad
792 3816 1118 3881 sanctificationem
1131 3813 1216 3878 fide·

109 3909 183 3982 lium
204 3919 415 3988 immediate
439 3921 644 4004 conferunt,
664 3923 902 4006 omnibusque
930 3927 1033 4005 patet
1049 3921 1216 3986 societati

110 4021 290 4107 religiosae
304 4032 512 4110 competere
526 4029 866 4096 determinationem
882 4033 919 4094 et
932 4027 1217 4112 applicationem

110 4130 294 4200 mediorum
310 4152 405 4217 quae
419 4135 467 4200 ad
482 4135 589 4200 finem
608 4136 794 4219 proprium
812 4153 856 4202 ac
872 4135 1099 4218 spiritualem
1116 4139 1216 4200 recte

110 4237 142 4298 et
154 4239 351 4324 adaequate
368 4241 597 4324 ordinantur;
613 4249 690 4307 tum
706 4243 816 4308 etiam
832 4243 918 4326 quia
933 4259 993 4308 res
1010 4258 1217 4308 sacramen·
