3058 4994
733 363 911 421 ..454-

263 525 308 572 ca
325 507 604 588 decernendam,
622 506 775 572 liberum
791 505 1045 572 commercium
1078 505 1383 588 promulgandum

264 621 374 698 atque
391 615 676 696 negotiationem
693 613 909 696 nigritarum
927 611 1156 678 abolendam.

656 965 918 1033 ARTIOULUS
942 967 988 1033 11.

704 1171 949 1238 senuaarunr.

267 1383 328 1436 tal.
342 1381 438 1436 Media
462 1381 673 1438 condecorata
697 1383 862 1454 molestiae).
867 1388 960 1438 -llt
975 1383 1177 1438 Hostbreatum
1200 1385 1387 1450 (neptunalia).

339 1455 434 1506 -123,
448 1455 633 1508 Conditionas
647 1459 824 1509 necessariae
843 1458 879 1510 erl
893 1459 956 1524 ejus
968 1457 1076 1510 licitum
1090 1471 1182 1510 usum.
1190 1459 1281 1509 -1rr.
1306 1457 1392 1508 Prae-

339 1525 571 1592 cipuaeepeolee.
576 1529 669 1579 -125
683 1523 808 1581 Retorsio
828 1529 1093 1592 (retentent-126.
1115 1524 1297 1580 Semtcslrotio
1321 1532 1389 1590 (ern-

339 1595 541 1664 tergora-127.
559 1595 1147 1664 Obardrelbloqueo)commercralle128.
1161 1597 1393 1660 Qurdmtrcede

340 1668 420 1720 hisce
434 1667 997 1737 recursibusviolentiejudicandumsit.
1359 1689 1394 1730 ‚a

361 1881 435 1946 121.
485 1883 1394 1966 Mediaviolentasecundumgradumconstituunt

270 1981 465 2070 processus
481 1990 773 2054 internetionalis
790 1991 837 2054 ad
859 1992 1108 2054 contentiones
1141 1988 1306 2056 Statuum
1339 1991 1389 2054 di·

270 2096 467 2175 rimendas,
487 2114 567 2160 cunr
586 2097 681 2162 modi
696 2099 868 2162 amicales
886 2099 1085 2162 efficaciter
1099 2097 1228 2162 intenti
1241 2097 1391 2162 solutio-

270 2203 308 2266 ni
324 2203 500 2284 pacificae
533 2203 750 2268 concordiae
767 2222 811 2270 ac
830 2212 977 2270 mutuae
1005 2204 1270 2286 intelligentiae
1288 2205 1389 2268 mini·

271 2327 329 2374 me
346 2315 556 2392 suppetunt.

362 2416 547 2482 Vocantur
565 2417 683 2483 media
701 2419 863 2484 violenta
881 2435 1049 2482 recursus
1067 2419 1299 2484 coercitionis
1325 2435 1392 2482 seu

272 2525 524 2608 repressionis,
544 2527 673 2608 quibus
692 2533 838 2591 utuntur
863 2525 1036 2592 Nationes
1054 2527 1291 2609 confligentes
1309 2544 1391 2608 gra-

273 2632 325 2695 tia
350 2633 534 2696 obtinendi
551 2635 854 2710 restaurationem
867 2635 960 2714 J'uris
978 2634 1082 2715 laesi,
1101 2633 1393 2698 satisfactionem

273 2739 429 2820 injuriae
453 2739 580 2803 illatae
597 2741 658 2806 vel
681 2741 954 2804 observantiam
974 2740 1236 2822 obligationum
1265 2745 1393 2822 pacta-

274 2863 366 2926 rum,
386 2846 529 2928 quando
555 2864 678 2912 omnes
696 2849 835 2912 formae
853 2865 918 2930 pro
950 2865 990 2912 re
1007 2848 1159 2930 pacifice
1176 2863 1395 2930 componen-

275 2950 322 3016 da
355 2953 510 3016 usitatae
538 2953 598 3017 vel
631 2941 894 3036 praescriptae,
913 2955 1051 3026 frustra
1064 2961 1101 3018 et
1128 2953 1230 3018 irrito
1258 2957 1397 3018 conatu

275 3062 439 3123 tentatae
455 3065 551 3124 suut.
571 3059 712 3125 Dicitur
725 3063 888 3126 violenta
902 3062 1018 3126 forma
1036 3060 1141 3143 hujus
1158 3059 1293 3142 gradus
1311 3077 1393 3142 pro·
1450 3079 1456 3098 ·

276 3167 439 3249 cassella,
459 3170 544 3250 quia
572 3173 704 3232 natura
722 3169 870 3251 propria
895 3175 937 3233 et
964 3168 1155 3234 character
1186 3167 1396 3232 essentialia

276 3275 453 3356 ejusmodi
477 3293 645 3340 recursus
674 3275 967 3340 internetionalis
995 3275 1033 3340 in
1058 3273 1247 3339 coactione
1275 3290 1339 3337 seu
1356 3273 1395 3336 vi

276 3383 458 3446 materiali
487 3381 693 3446 adhibenda
716 3382 788 3446 sita
814 3387 910 3463 sunt,
937 3381 1023 3463 quin
1050 3385 1174 3446 tamen
1201 3377 1248 3444 ad
1275 3381 1396 3442 extre-

278 3506 373 3553 muru
391 3488 477 3552 belli
496 3488 703 3570 confugium
721 3488 969 3570 perveniatur.

366 3593 443 3659 Etsi
460 3603 534 3659 tem
561 3611 752 3677 processus
772 3595 953 3658 violentus
977 3609 1086 3674 quam
1111 3609 1304 3674 processus
1320 3593 1396 3658 bel-

278 3699 368 3766 licus
393 3702 430 3764 in
459 3701 599 3765 actibus
617 3701 673 3766 vis
690 3701 904 3782 consistant,
924 3699 1155 3764 nihilominus
1185 3700 1325 3764 coactio
1343 3700 1398 3763 in·

279 3809 532 3872 ternationalis
551 3827 573 3871 a
589 3809 684 3872 bello
702 3808 823 3872 diiert:
843 3808 872 3886 ²)
890 3807 975 3889 quia
991 3812 1093 3870 actus
1110 3823 1302 3888 processus
1318 3807 1398 3869 vio-

278 3915 368 3980 lenti
395 3915 599 3996 singulares
616 3921 700 3978 sunt
729 3921 765 3978 et
780 3913 943 3996 separati
971 3930 1036 3976 seu
1064 3913 1257 3992 sejunctim
1286 3911 1401 3994 positi

280 4028 486 4103 censentur,
500 4031 602 4086 actus
616 4039 705 4086 vero
723 4037 914 4103 processus
931 4019 1095 4084 bellicosi
1111 4019 1296 4084 collectivi
1312 4027 1406 4084 sunt
1481 4096 1484 4098 ,

281 4135 317 4192 et
346 4129 550 4193 coordinati
577 4127 841 4208 existimantem
858 4122 885 4210 ¹³)
902 4127 987 4210 quia
1005 4126 1042 4190 in
1071 4141 1246 4208 processu
1262 4123 1400 4190 coerci-

281 4237 358 4302 tivo
387 4252 459 4299 non
488 4233 687 4300 effunditur
715 4234 876 4316 sanguis,
906 4249 973 4297 nec
1002 4231 1188 4314 impetitur
1212 4232 1302 4315 vita,
1331 4231 1402 4296 sed
