<?xml version="1.0" encoding="UTF-8"?>
<!DOCTYPE html PUBLIC "-//W3C//DTD XHTML 1.0 Transitional//EN"
    "http://www.w3.org/TR/xhtml1/DTD/xhtml1-transitional.dtd">
<html xmlns="http://www.w3.org/1999/xhtml" xml:lang="en" lang="en">
 <head>
  <title>
</title>
<meta http-equiv="Content-Type" content="text/html;charset=utf-8" />
  <meta name='ocr-system' content='tesseract 3.04.00' />
  <meta name='ocr-capabilities' content='ocr_page ocr_carea ocr_par ocr_line ocrx_word'/>
</head>
<body>
  <div class='ocr_page' id='page_1' title='image "./juspublicumeccl00ferngoog_0067.png"; bbox 0 0 3096 4986; ppageno 0'>
   <div class='ocr_carea' id='block_1_1' title="bbox 788 347 946 406">
    <p class='ocr_par' dir='ltr' id='par_1_1' title="bbox 788 347 946 406">
     <span class='ocr_line' id='line_1_1' title="bbox 788 347 946 406; baseline 0 -14"><span class='ocrx_word' id='word_1_1' title='bbox 788 347 946 406; x_wconf 73' lang='lat'>...62-</span> 
     </span>
    </p>
   </div>
   <div class='ocr_carea' id='block_1_2' title="bbox 303 487 1446 2370">
    <p class='ocr_par' dir='ltr' id='par_1_2' title="bbox 303 487 1446 2370">
     <span class='ocr_line' id='line_1_2' title="bbox 396 487 1445 572; baseline -0.001 -17"><span class='ocrx_word' id='word_1_2' title='bbox 396 489 543 555; x_wconf 86' lang='lat' dir='ltr'><strong>Patroni</strong></span> <span class='ocrx_word' id='word_1_3' title='bbox 556 489 661 571; x_wconf 82' lang='lat' dir='ltr'><strong>bujm</strong></span> <span class='ocrx_word' id='word_1_4' title='bbox 677 490 881 556; x_wconf 89' lang='lat' dir='ltr'><strong>sententiae</strong></span> <span class='ocrx_word' id='word_1_5' title='bbox 898 489 1049 572; x_wconf 88' lang='lat' dir='ltr'><strong>mediae,</strong></span> <span class='ocrx_word' id='word_1_6' title='bbox 1069 506 1164 572; x_wconf 88' lang='lat' dir='ltr'><strong>quae</strong></span> <span class='ocrx_word' id='word_1_7' title='bbox 1191 487 1298 554; x_wconf 91' lang='lat' dir='ltr'><strong>nobis</strong></span> <span class='ocrx_word' id='word_1_8' title='bbox 1331 487 1445 556; x_wconf 84' lang='lat' dir='ltr'><strong>vide·</strong></span> 
     </span>
     <span class='ocr_line' id='line_1_3' title="bbox 307 594 1445 678; baseline 0 -18"><span class='ocrx_word' id='word_1_9' title='bbox 307 603 366 660; x_wconf 90' lang='lat' dir='ltr'><strong>tur</strong></span> <span class='ocrx_word' id='word_1_10' title='bbox 383 597 509 660; x_wconf 91' lang='lat' dir='ltr'><strong>melior</strong></span> <span class='ocrx_word' id='word_1_11' title='bbox 526 601 562 660; x_wconf 92' lang='lat' dir='ltr'><strong>et</strong></span> <span class='ocrx_word' id='word_1_12' title='bbox 577 595 727 660; x_wconf 89' lang='lat' dir='ltr'><strong>veritati</strong></span> <span class='ocrx_word' id='word_1_13' title='bbox 744 596 1003 678; x_wconf 85' lang='lat' dir='ltr'><strong>veteribusque</strong></span> <span class='ocrx_word' id='word_1_14' title='bbox 1036 594 1280 660; x_wconf 89' lang='lat' dir='ltr'><strong>monumentis</strong></span> <span class='ocrx_word' id='word_1_15' title='bbox 1315 595 1445 678; x_wconf 79' lang='lat' dir='ltr'><strong>magle</strong></span> 
     </span>
     <span class='ocr_line' id='line_1_4' title="bbox 306 699 1446 785; baseline 0 -18"><span class='ocrx_word' id='word_1_16' title='bbox 306 719 479 782; x_wconf 87' lang='lat' dir='ltr'><strong>consona,</strong></span> <span class='ocrx_word' id='word_1_17' title='bbox 498 719 564 785; x_wconf 91' lang='lat' dir='ltr'><strong>pro</strong></span> <span class='ocrx_word' id='word_1_18' title='bbox 580 701 716 766; x_wconf 91' lang='lat' dir='ltr'><strong>tuenda</strong></span> <span class='ocrx_word' id='word_1_19' title='bbox 731 719 798 765; x_wconf 89' lang='lat' dir='ltr'><strong>sua</strong></span> <span class='ocrx_word' id='word_1_20' title='bbox 811 702 981 784; x_wconf 91' lang='lat' dir='ltr'><strong>opinione</strong></span> <span class='ocrx_word' id='word_1_21' title='bbox 995 701 1156 766; x_wconf 85' lang='lat' dir='ltr'><strong>maxima</strong></span> <span class='ocrx_word' id='word_1_22' title='bbox 1169 699 1446 782; x_wconf 70' lang='lat' dir='ltr'><strong>probabilitate</strong></span> 
     </span>
     <span class='ocr_line' id='line_1_5' title="bbox 307 805 1442 891; baseline 0.001 -19"><span class='ocrx_word' id='word_1_23' title='bbox 307 809 479 891; x_wconf 86' lang='lat' dir='ltr'><strong>gaudenti</strong></span> <span class='ocrx_word' id='word_1_24' title='bbox 496 808 587 873; x_wconf 87' lang='lat' dir='ltr'><strong>haec</strong></span> <span class='ocrx_word' id='word_1_25' title='bbox 596 809 778 874; x_wconf 89' lang='lat' dir='ltr'><strong>rationum</strong></span> <span class='ocrx_word' id='word_1_26' title='bbox 796 818 978 874; x_wconf 89' lang='lat' dir='ltr'><strong>momenta</strong></span> <span class='ocrx_word' id='word_1_27' title='bbox 991 807 1165 872; x_wconf 85' lang='lat' dir='ltr'><strong>ailerunt:</strong></span> <span class='ocrx_word' id='word_1_28' title='bbox 1183 805 1234 872; x_wconf 86' lang='lat'><strong>1.⁰</strong></span> <span class='ocrx_word' id='word_1_29' title='bbox 1268 807 1442 884; x_wconf 80' lang='lat' dir='ltr'><strong>testimo·</strong></span> 
     </span>
     <span class='ocr_line' id='line_1_6' title="bbox 307 909 1445 998; baseline -0.002 -20"><span class='ocrx_word' id='word_1_30' title='bbox 307 915 368 978; x_wconf 88' lang='lat' dir='ltr'><strong>nia</strong></span> <span class='ocrx_word' id='word_1_31' title='bbox 384 917 712 998; x_wconf 85' lang='lat' dir='ltr'><strong>suprarelatutum</strong></span> <span class='ocrx_word' id='word_1_32' title='bbox 729 913 974 980; x_wconf 78' lang='lat' dir='ltr'><strong>conciliorum</strong></span> <span class='ocrx_word' id='word_1_33' title='bbox 997 911 1261 980; x_wconf 82' lang='lat' dir='ltr'><strong>Lateranensis</strong></span> <span class='ocrx_word' id='word_1_34' title='bbox 1295 919 1334 978; x_wconf 91' lang='lat' dir='ltr'><strong>et</strong></span> <span class='ocrx_word' id='word_1_35' title='bbox 1368 909 1445 978; x_wconf 84' lang='lat' dir='ltr'><strong>Oo-</strong></span> 
     </span>
     <span class='ocr_line' id='line_1_7' title="bbox 307 1019 1445 1102; baseline 0 -18"><span class='ocrx_word' id='word_1_36' title='bbox 307 1021 492 1102; x_wconf 85' lang='lat' dir='ltr'><strong>loniensis,</strong></span> <span class='ocrx_word' id='word_1_37' title='bbox 510 1027 584 1086; x_wconf 91' lang='lat' dir='ltr'><strong>tum</strong></span> <span class='ocrx_word' id='word_1_38' title='bbox 597 1019 697 1086; x_wconf 90' lang='lat' dir='ltr'><strong>Sexti</strong></span> <span class='ocrx_word' id='word_1_39' title='bbox 725 1019 986 1100; x_wconf 87' lang='lat' dir='ltr'><strong>Decretalium,</strong></span> <span class='ocrx_word' id='word_1_40' title='bbox 1009 1020 1046 1086; x_wconf 91' lang='lat' dir='ltr'><strong>in</strong></span> <span class='ocrx_word' id='word_1_41' title='bbox 1079 1019 1211 1102; x_wconf 83' lang='lat' dir='ltr'><strong>qulbus</strong></span> <span class='ocrx_word' id='word_1_42' title='bbox 1241 1019 1445 1102; x_wconf 88' lang='lat' dir='ltr'><strong>utriusque</strong></span> 
     </span>
     <span class='ocr_line' id='line_1_8' title="bbox 303 1123 1444 1208; baseline -0.003 -17"><span class='ocrx_word' id='word_1_43' title='bbox 303 1127 409 1208; x_wconf 78' lang='lat' dir='ltr'><strong>J&#39;uris,</strong></span> <span class='ocrx_word' id='word_1_44' title='bbox 423 1127 502 1191; x_wconf 86' lang='lat' dir='ltr'><strong>sive</strong></span> <span class='ocrx_word' id='word_1_45' title='bbox 523 1126 636 1192; x_wconf 88' lang='lat' dir='ltr'><strong>divini</strong></span> <span class='ocrx_word' id='word_1_46' title='bbox 666 1127 746 1190; x_wconf 87' lang='lat' dir='ltr'><strong>sive</strong></span> <span class='ocrx_word' id='word_1_47' title='bbox 770 1125 926 1206; x_wconf 88' lang='lat' dir='ltr'><strong>humani,</strong></span> <span class='ocrx_word' id='word_1_48' title='bbox 944 1143 1122 1204; x_wconf 82' lang='lat' dir='ltr'><strong>expressa</strong></span> <span class='ocrx_word' id='word_1_49' title='bbox 1145 1125 1185 1188; x_wconf 85' lang='lat' dir='ltr'><strong>iit</strong></span> <span class='ocrx_word' id='word_1_50' title='bbox 1209 1125 1361 1208; x_wconf 85' lang='lat' dir='ltr'><strong>mentio;</strong></span> <span class='ocrx_word' id='word_1_51' title='bbox 1381 1123 1444 1188; x_wconf 81' lang='lat' dir='ltr'><strong>u.⁰</strong></span> 
     </span>
     <span class='ocr_line' id='line_1_9' title="bbox 308 1229 1443 1314; baseline 0.001 -18"><span class='ocrx_word' id='word_1_52' title='bbox 308 1231 592 1298; x_wconf 79' lang='lat' dir='ltr'><strong>declarationem</strong></span> <span class='ocrx_word' id='word_1_53' title='bbox 608 1231 820 1314; x_wconf 79' lang='lat' dir='ltr'><strong>explicitam</strong></span> <span class='ocrx_word' id='word_1_54' title='bbox 833 1231 1069 1296; x_wconf 79' lang='lat' dir='ltr'><strong>Tridentinae</strong></span> <span class='ocrx_word' id='word_1_55' title='bbox 1082 1229 1234 1312; x_wconf 78' lang='lat' dir='ltr'><strong>Synodl,</strong></span> <span class='ocrx_word' id='word_1_56' title='bbox 1251 1247 1348 1314; x_wconf 86' lang='lat' dir='ltr'><strong>quae</strong></span> <span class='ocrx_word' id='word_1_57' title='bbox 1362 1230 1443 1297; x_wconf 82' lang='lat' dir='ltr'><strong>nac</strong></span> 
     </span>
     <span class='ocr_line' id='line_1_10' title="bbox 307 1336 1444 1422; baseline 0.004 -20"><span class='ocrx_word' id='word_1_58' title='bbox 307 1338 352 1403; x_wconf 90' lang='lat' dir='ltr'><strong>de</strong></span> <span class='ocrx_word' id='word_1_59' title='bbox 369 1355 408 1402; x_wconf 93' lang='lat' dir='ltr'><strong>re</strong></span> <span class='ocrx_word' id='word_1_60' title='bbox 425 1339 575 1420; x_wconf 89' lang='lat' dir='ltr'><strong>loquens</strong></span> <span class='ocrx_word' id='word_1_61' title='bbox 599 1337 752 1403; x_wconf 78' lang='lat' dir='ltr'><strong>disserte</strong></span> <span class='ocrx_word' id='word_1_62' title='bbox 770 1336 888 1402; x_wconf 91' lang='lat' dir='ltr'><strong>docet:</strong></span> <span class='ocrx_word' id='word_1_63' title='bbox 918 1337 1107 1420; x_wconf 70' lang='lat' dir='ltr'><strong>Ecclesiae,</strong></span> <span class='ocrx_word' id='word_1_64' title='bbox 1139 1345 1172 1404; x_wconf 80' lang='lat' dir='ltr'><strong>et</strong></span> <span class='ocrx_word' id='word_1_65' title='bbox 1195 1357 1444 1422; x_wconf 74' lang='lat' dir='ltr'><strong>personarum</strong></span> 
     </span>
     <span class='ocr_line' id='line_1_11' title="bbox 307 1441 1443 1526; baseline 0.002 -18"><span class='ocrx_word' id='word_1_66' title='bbox 307 1445 633 1510; x_wconf 81' lang='lat' dir='ltr'><strong>Ecclesiasticarum</strong></span> <span class='ocrx_word' id='word_1_67' title='bbox 645 1447 905 1526; x_wconf 80' lang='lat' dir='ltr'><strong>inimurtt&#39;tatam,</strong></span> <span class='ocrx_word' id='word_1_68' title='bbox 924 1444 996 1508; x_wconf 84' lang='lat' dir='ltr'><strong>Diii</strong></span> <span class='ocrx_word' id='word_1_69' title='bbox 1009 1457 1285 1525; x_wconf 71' lang='lat' dir='ltr'><strong>oiiiiiunriomi,</strong></span> <span class='ocrx_word' id='word_1_70' title='bbox 1304 1451 1337 1510; x_wconf 72' lang='lat' dir='ltr'><strong>et</strong></span> <span class='ocrx_word' id='word_1_71' title='bbox 1365 1441 1443 1510; x_wconf 79' lang='lat' dir='ltr'><strong>GA-</strong></span> 
     </span>
     <span class='ocr_line' id='line_1_12' title="bbox 307 1549 1444 1632; baseline 0 -16"><span class='ocrx_word' id='word_1_72' title='bbox 307 1563 452 1616; x_wconf 79' lang='lat' dir='ltr'><strong>NONiCIS</strong></span> <span class='ocrx_word' id='word_1_73' title='bbox 469 1563 736 1616; x_wconf 78' lang='lat' dir='ltr'><strong>siucriouiecs</strong></span> <span class='ocrx_word' id='word_1_74' title='bbox 753 1549 861 1632; x_wconf 82' lang='lat' dir='ltr'><strong>(esre)</strong></span> <span class='ocrx_word' id='word_1_75' title='bbox 879 1553 1100 1616; x_wconf 69' lang='lat' dir='ltr'><strong>constitutam</strong></span> <span class='ocrx_word' id='word_1_76' title='bbox 1117 1552 1180 1632; x_wconf 89' lang='lat' dir='ltr'><strong>(l);</strong></span> <span class='ocrx_word' id='word_1_77' title='bbox 1216 1550 1270 1614; x_wconf 85' lang='lat'><strong>3.⁰</strong></span> <span class='ocrx_word' id='word_1_78' title='bbox 1288 1551 1444 1632; x_wconf 86' lang='lat' dir='ltr'><strong>praxim</strong></span> 
     </span>
     <span class='ocr_line' id='line_1_13' title="bbox 307 1655 1443 1738; baseline 0 -18"><span class='ocrx_word' id='word_1_79' title='bbox 307 1673 371 1720; x_wconf 92' lang='lat' dir='ltr'><strong>seu</strong></span> <span class='ocrx_word' id='word_1_80' title='bbox 389 1657 519 1738; x_wconf 85' lang='lat' dir='ltr'><strong>agendi</strong></span> <span class='ocrx_word' id='word_1_81' title='bbox 544 1659 723 1722; x_wconf 88' lang='lat' dir='ltr'><strong>rationem</strong></span> <span class='ocrx_word' id='word_1_82' title='bbox 753 1657 867 1738; x_wconf 89' lang='lat' dir='ltr'><strong>ipsius</strong></span> <span class='ocrx_word' id='word_1_83' title='bbox 898 1655 1100 1736; x_wconf 82' lang='lat' dir='ltr'><strong>Ecclesiae,</strong></span> <span class='ocrx_word' id='word_1_84' title='bbox 1126 1673 1222 1738; x_wconf 89' lang='lat' dir='ltr'><strong>quae</strong></span> <span class='ocrx_word' id='word_1_85' title='bbox 1248 1655 1443 1720; x_wconf 89' lang='lat' dir='ltr'><strong>interdum</strong></span> 
     </span>
     <span class='ocr_line' id='line_1_14' title="bbox 307 1761 1442 1844; baseline -0.001 -19"><span class='ocrx_word' id='word_1_86' title='bbox 307 1779 374 1843; x_wconf 91' lang='lat' dir='ltr'><strong>per</strong></span> <span class='ocrx_word' id='word_1_87' title='bbox 392 1761 613 1826; x_wconf 88' lang='lat' dir='ltr'><strong>concordata</strong></span> <span class='ocrx_word' id='word_1_88' title='bbox 626 1763 686 1842; x_wconf 81' lang='lat' dir='ltr'><strong>J&#39;us</strong></span> <span class='ocrx_word' id='word_1_89' title='bbox 703 1779 806 1827; x_wconf 89' lang='lat' dir='ltr'><strong>suum</strong></span> <span class='ocrx_word' id='word_1_90' title='bbox 824 1763 987 1842; x_wconf 87' lang='lat' dir='ltr'><strong>remittit,</strong></span> <span class='ocrx_word' id='word_1_91' title='bbox 1013 1761 1153 1844; x_wconf 90' lang='lat' dir='ltr'><strong>aliquid</strong></span> <span class='ocrx_word' id='word_1_92' title='bbox 1166 1761 1442 1826; x_wconf 88' lang='lat' dir='ltr'><strong>imminutionis</strong></span> 
     </span>
     <span class='ocr_line' id='line_1_15' title="bbox 308 1867 1441 1946; baseline -0.002 -12"><span class='ocrx_word' id='word_1_93' title='bbox 308 1868 369 1934; x_wconf 86' lang='lat' dir='ltr'><strong>vel</strong></span> <span class='ocrx_word' id='word_1_94' title='bbox 382 1868 605 1932; x_wconf 85' lang='lat' dir='ltr'><strong>limitationis</strong></span> <span class='ocrx_word' id='word_1_95' title='bbox 623 1869 660 1932; x_wconf 90' lang='lat' dir='ltr'><strong>in</strong></span> <span class='ocrx_word' id='word_1_96' title='bbox 673 1869 826 1932; x_wconf 84' lang='lat' dir='ltr'><strong>materia</strong></span> <span class='ocrx_word' id='word_1_97' title='bbox 843 1869 1081 1932; x_wconf 91' lang='lat' dir='ltr'><strong>immunitatis</strong></span> <span class='ocrx_word' id='word_1_98' title='bbox 1094 1867 1346 1946; x_wconf 89' lang='lat' dir='ltr'><strong>concedendo,</strong></span> <span class='ocrx_word' id='word_1_99' title='bbox 1367 1867 1441 1932; x_wconf 89' lang='lat' dir='ltr'><strong>ali-</strong></span> 
     </span>
     <span class='ocr_line' id='line_1_16' title="bbox 308 1973 1442 2056; baseline 0.003 -21"><span class='ocrx_word' id='word_1_100' title='bbox 308 1973 452 2054; x_wconf 92' lang='lat' dir='ltr'><strong>quando</strong></span> <span class='ocrx_word' id='word_1_101' title='bbox 469 1973 578 2037; x_wconf 90' lang='lat' dir='ltr'><strong>etiam</strong></span> <span class='ocrx_word' id='word_1_102' title='bbox 592 1990 659 2055; x_wconf 89' lang='lat' dir='ltr'><strong>per</strong></span> <span class='ocrx_word' id='word_1_103' title='bbox 675 1974 824 2038; x_wconf 88' lang='lat' dir='ltr'><strong>tacitam</strong></span> <span class='ocrx_word' id='word_1_104' title='bbox 842 1973 1152 2056; x_wconf 81' lang='lat' dir='ltr'><strong>acquiescentium</strong></span> <span class='ocrx_word' id='word_1_105' title='bbox 1172 1974 1267 2038; x_wconf 91' lang='lat' dir='ltr'><strong>bono</strong></span> <span class='ocrx_word' id='word_1_106' title='bbox 1284 1973 1442 2055; x_wconf 89' lang='lat' dir='ltr'><strong>publico</strong></span> 
     </span>
     <span class='ocr_line' id='line_1_17' title="bbox 308 2077 1442 2160; baseline -0.001 -17"><span class='ocrx_word' id='word_1_107' title='bbox 308 2079 514 2159; x_wconf 85' lang='lat' dir='ltr'><strong>consulens,</strong></span> <span class='ocrx_word' id='word_1_108' title='bbox 533 2077 802 2160; x_wconf 79' lang='lat' dir='ltr'><strong>majoribusque</strong></span> <span class='ocrx_word' id='word_1_109' title='bbox 817 2078 920 2142; x_wconf 89' lang='lat' dir='ltr'><strong>malis</strong></span> <span class='ocrx_word' id='word_1_110' title='bbox 939 2077 1098 2142; x_wconf 84' lang='lat' dir='ltr'><strong>vitandis</strong></span> <span class='ocrx_word' id='word_1_111' title='bbox 1117 2078 1312 2143; x_wconf 79' lang='lat' dir='ltr'><strong>intendens</strong></span> <span class='ocrx_word' id='word_1_112' title='bbox 1331 2097 1442 2144; x_wconf 90' lang='lat' dir='ltr'><strong>usur-</strong></span> 
     </span>
     <span class='ocr_line' id='line_1_18' title="bbox 308 2182 1442 2266; baseline 0.003 -19"><span class='ocrx_word' id='word_1_113' title='bbox 308 2183 513 2266; x_wconf 89' lang='lat' dir='ltr'><strong>pationibus</strong></span> <span class='ocrx_word' id='word_1_114' title='bbox 532 2183 651 2248; x_wconf 88' lang='lat' dir='ltr'><strong>civilis</strong></span> <span class='ocrx_word' id='word_1_115' title='bbox 667 2183 895 2248; x_wconf 87' lang='lat' dir='ltr'><strong>auctoritatis</strong></span> <span class='ocrx_word' id='word_1_116' title='bbox 925 2182 1101 2265; x_wconf 83' lang='lat' dir='ltr'><strong>indulget,</strong></span> <span class='ocrx_word' id='word_1_117' title='bbox 1121 2183 1301 2266; x_wconf 86' lang='lat' dir='ltr'><strong>quasdam</strong></span> <span class='ocrx_word' id='word_1_118' title='bbox 1317 2185 1442 2250; x_wconf 89' lang='lat' dir='ltr'><strong>viola·</strong></span> 
     </span>
     <span class='ocr_line' id='line_1_19' title="bbox 308 2287 1443 2370; baseline 0.004 -18"><span class='ocrx_word' id='word_1_119' title='bbox 308 2290 424 2354; x_wconf 91' lang='lat' dir='ltr'><strong>tiones</strong></span> <span class='ocrx_word' id='word_1_120' title='bbox 442 2287 630 2352; x_wconf 84' lang='lat' dir='ltr'><strong>tolerando</strong></span> <span class='ocrx_word' id='word_1_121' title='bbox 649 2289 708 2352; x_wconf 90' lang='lat' dir='ltr'><strong>vel</strong></span> <span class='ocrx_word' id='word_1_122' title='bbox 726 2288 922 2370; x_wconf 90' lang='lat' dir='ltr'><strong>prudentes</strong></span> <span class='ocrx_word' id='word_1_123' title='bbox 940 2287 1229 2354; x_wconf 81' lang='lat' dir='ltr'><strong>modificationes</strong></span> <span class='ocrx_word' id='word_1_124' title='bbox 1248 2289 1443 2356; x_wconf 83' lang='lat' dir='ltr'><strong>haedere</strong></span> 
     </span>
    </p>
   </div>
   <div class='ocr_carea' id='block_1_3' title="bbox 309 2393 1536 2476">
    <p class='ocr_par' dir='ltr' id='par_1_3' title="bbox 309 2393 1536 2476">
     <span class='ocr_line' id='line_1_20' title="bbox 309 2393 1536 2476; baseline 0.002 -18"><span class='ocrx_word' id='word_1_125' title='bbox 309 2393 564 2476; x_wconf 90' lang='lat' dir='ltr'><strong>permittendo;</strong></span> <span class='ocrx_word' id='word_1_126' title='bbox 583 2411 679 2458; x_wconf 91' lang='lat' dir='ltr'><strong>nunc</strong></span> <span class='ocrx_word' id='word_1_127' title='bbox 695 2411 784 2458; x_wconf 89' lang='lat' dir='ltr'><strong>vero</strong></span> <span class='ocrx_word' id='word_1_128' title='bbox 798 2395 828 2458; x_wconf 90' lang='lat' dir='ltr'><strong>si</strong></span> <span class='ocrx_word' id='word_1_129' title='bbox 846 2411 974 2458; x_wconf 87' lang='lat' dir='ltr'><strong>sacras</strong></span> <span class='ocrx_word' id='word_1_130' title='bbox 991 2395 1241 2460; x_wconf 90' lang='lat' dir='ltr'><strong>immunitates</strong></span> <span class='ocrx_word' id='word_1_131' title='bbox 1269 2397 1442 2462; x_wconf 86' lang='lat' dir='ltr'><strong>formali·</strong></span> <span class='ocrx_word' id='word_1_132' title='bbox 1535 2447 1536 2451; x_wconf 15' lang='grc' dir='ltr'>η</span> 
     </span>
    </p>
   </div>
   <div class='ocr_carea' id='block_1_4' title="bbox 307 2499 1535 3958">
    <p class='ocr_par' dir='ltr' id='par_1_4' title="bbox 307 2499 1535 3958">
     <span class='ocr_line' id='line_1_21' title="bbox 309 2499 1442 2584; baseline 0.004 -21"><span class='ocrx_word' id='word_1_133' title='bbox 309 2509 364 2564; x_wconf 91' lang='lat' dir='ltr'><strong>ter</strong></span> <span class='ocrx_word' id='word_1_134' title='bbox 381 2505 502 2563; x_wconf 89' lang='lat' dir='ltr'><strong>essent</strong></span> <span class='ocrx_word' id='word_1_135' title='bbox 514 2500 606 2579; x_wconf 89' lang='lat' dir='ltr'><strong>juris</strong></span> <span class='ocrx_word' id='word_1_136' title='bbox 623 2499 749 2576; x_wconf 88' lang='lat' dir='ltr'><strong>divini,</strong></span> <span class='ocrx_word' id='word_1_137' title='bbox 767 2499 866 2564; x_wconf 93' lang='lat' dir='ltr'><strong>nullo</strong></span> <span class='ocrx_word' id='word_1_138' title='bbox 883 2507 991 2582; x_wconf 90' lang='lat' dir='ltr'><strong>pacto</strong></span> <span class='ocrx_word' id='word_1_139' title='bbox 1009 2499 1090 2564; x_wconf 91' lang='lat' dir='ltr'><strong>dari</strong></span> <span class='ocrx_word' id='word_1_140' title='bbox 1107 2508 1259 2583; x_wconf 86' lang='lat' dir='ltr'><strong>possent</strong></span> <span class='ocrx_word' id='word_1_141' title='bbox 1277 2504 1442 2584; x_wconf 74' lang='lat' dir='ltr'><strong>eiusmo-</strong></span> 
     </span>
     <span class='ocr_line' id='line_1_22' title="bbox 310 2603 1442 2701; baseline 0.004 -33"><span class='ocrx_word' id='word_1_142' title='bbox 310 2603 345 2668; x_wconf 90' lang='lat' dir='ltr'><strong>di</strong></span> <span class='ocrx_word' id='word_1_143' title='bbox 362 2605 627 2668; x_wconf 88' lang='lat' dir='ltr'><strong>imminutiones</strong></span> <span class='ocrx_word' id='word_1_144' title='bbox 644 2611 680 2668; x_wconf 87' lang='lat' dir='ltr'><strong>et</strong></span> <span class='ocrx_word' id='word_1_145' title='bbox 696 2605 953 2686; x_wconf 85' lang='lat' dir='ltr'><strong>restrictiones,</strong></span> <span class='ocrx_word' id='word_1_146' title='bbox 968 2606 1055 2688; x_wconf 90' lang='lat' dir='ltr'><strong>quia</strong></span> <span class='ocrx_word' id='word_1_147' title='bbox 1071 2607 1109 2690; x_wconf 89' lang='lat' dir='ltr'><strong>in</strong></span> <span class='ocrx_word' id='word_1_148' title='bbox 1138 2608 1182 2701; x_wconf 78' lang='lat' dir='ltr'><strong>iis</strong></span> <span class='ocrx_word' id='word_1_149' title='bbox 1215 2625 1312 2690; x_wconf 90' lang='lat' dir='ltr'><strong>quae</strong></span> <span class='ocrx_word' id='word_1_150' title='bbox 1341 2609 1442 2673; x_wconf 92' lang='lat' dir='ltr'><strong>dire·</strong></span> 
     </span>
     <span class='ocr_line' id='line_1_23' title="bbox 309 2709 1535 2795; baseline 0.006 -21"><span class='ocrx_word' id='word_1_151' title='bbox 309 2717 379 2790; x_wconf 90' lang='lat' dir='ltr'><strong>cte,</strong></span> <span class='ocrx_word' id='word_1_152' title='bbox 394 2709 600 2774; x_wconf 87' lang='lat' dir='ltr'><strong>immediate</strong></span> <span class='ocrx_word' id='word_1_153' title='bbox 616 2727 660 2774; x_wconf 88' lang='lat' dir='ltr'><strong>ac</strong></span> <span class='ocrx_word' id='word_1_154' title='bbox 673 2711 875 2776; x_wconf 83' lang='lat' dir='ltr'><strong>formaliter</strong></span> <span class='ocrx_word' id='word_1_155' title='bbox 889 2709 936 2774; x_wconf 89' lang='lat' dir='ltr'><strong>ad</strong></span> <span class='ocrx_word' id='word_1_156' title='bbox 949 2712 1009 2793; x_wconf 87' lang='lat' dir='ltr'><strong>jus</strong></span> <span class='ocrx_word' id='word_1_157' title='bbox 1023 2712 1187 2778; x_wconf 88' lang='lat' dir='ltr'><strong>divinum</strong></span> <span class='ocrx_word' id='word_1_158' title='bbox 1200 2715 1373 2795; x_wconf 87' lang='lat' dir='ltr'><strong>attinent,</strong></span> <span class='ocrx_word' id='word_1_159' title='bbox 1388 2715 1443 2780; x_wconf 90' lang='lat' dir='ltr'><strong>lo·</strong></span> <span class='ocrx_word' id='word_1_160' title='bbox 1534 2753 1535 2758; x_wconf 62' lang='lat'><em>=</em></span> 
     </span>
     <span class='ocr_line' id='line_1_24' title="bbox 310 2815 1440 2902; baseline 0.006 -23"><span class='ocrx_word' id='word_1_161' title='bbox 310 2832 389 2879; x_wconf 88' lang='lat' dir='ltr'><strong>cum</strong></span> <span class='ocrx_word' id='word_1_162' title='bbox 408 2815 543 2880; x_wconf 89' lang='lat' dir='ltr'><strong>babere</strong></span> <span class='ocrx_word' id='word_1_163' title='bbox 560 2817 686 2897; x_wconf 90' lang='lat' dir='ltr'><strong>nequit</strong></span> <span class='ocrx_word' id='word_1_164' title='bbox 705 2817 867 2899; x_wconf 91' lang='lat' dir='ltr'><strong>mutatio,</strong></span> <span class='ocrx_word' id='word_1_165' title='bbox 881 2817 1104 2899; x_wconf 87' lang='lat' dir='ltr'><strong>dispensatio</strong></span> <span class='ocrx_word' id='word_1_166' title='bbox 1118 2819 1181 2884; x_wconf 90' lang='lat' dir='ltr'><strong>vel</strong></span> <span class='ocrx_word' id='word_1_167' title='bbox 1196 2819 1440 2902; x_wconf 81' lang='lat' dir='ltr'><strong>modificati03</strong></span> 
     </span>
     <span class='ocr_line' id='line_1_25' title="bbox 307 2921 1442 3005; baseline 0.008 -21"><span class='ocrx_word' id='word_1_168' title='bbox 307 2921 362 2984; x_wconf 89' lang='lat'><strong>4.0</strong></span> <span class='ocrx_word' id='word_1_169' title='bbox 379 2921 558 3004; x_wconf 85' lang='lat' dir='ltr'><strong>principia</strong></span> <span class='ocrx_word' id='word_1_170' title='bbox 571 2921 663 3002; x_wconf 90' lang='lat' dir='ltr'><strong>juris</strong></span> <span class='ocrx_word' id='word_1_171' title='bbox 681 2923 870 3004; x_wconf 85' lang='lat' dir='ltr'><strong>naturalis,</strong></span> <span class='ocrx_word' id='word_1_172' title='bbox 889 2940 984 3005; x_wconf 88' lang='lat' dir='ltr'><strong>quae</strong></span> <span class='ocrx_word' id='word_1_173' title='bbox 1002 2923 1107 2988; x_wconf 88' lang='lat' dir='ltr'><strong>nobis</strong></span> <span class='ocrx_word' id='word_1_174' title='bbox 1137 2925 1289 2990; x_wconf 89' lang='lat' dir='ltr'><strong>tradunt</strong></span> <span class='ocrx_word' id='word_1_175' title='bbox 1324 2945 1442 2992; x_wconf 92' lang='lat' dir='ltr'><strong>mem·</strong></span> 
     </span>
     <span class='ocr_line' id='line_1_26' title="bbox 309 3025 1534 3113; baseline 0.007 -22"><span class='ocrx_word' id='word_1_176' title='bbox 309 3027 376 3091; x_wconf 88' lang='lat' dir='ltr'><strong>bra</strong></span> <span class='ocrx_word' id='word_1_177' title='bbox 394 3025 544 3091; x_wconf 88' lang='lat' dir='ltr'><strong>duarum</strong></span> <span class='ocrx_word' id='word_1_178' title='bbox 561 3028 774 3092; x_wconf 88' lang='lat' dir='ltr'><strong>societatum</strong></span> <span class='ocrx_word' id='word_1_179' title='bbox 799 3029 899 3111; x_wconf 84' lang='lat' dir='ltr'><strong>leges</strong></span> <span class='ocrx_word' id='word_1_180' title='bbox 918 3030 1105 3113; x_wconf 90' lang='lat' dir='ltr'><strong>utriusque</strong></span> <span class='ocrx_word' id='word_1_181' title='bbox 1133 3049 1289 3098; x_wconf 89' lang='lat' dir='ltr'><strong>servare</strong></span> <span class='ocrx_word' id='word_1_182' title='bbox 1315 3035 1443 3100; x_wconf 90' lang='lat' dir='ltr'><strong>teneri</strong></span> <span class='ocrx_word' id='word_1_183' title='bbox 1533 3069 1534 3084; x_wconf 33' lang='grc' dir='ltr'><strong>κ</strong></span> 
     </span>
     <span class='ocr_line' id='line_1_27' title="bbox 309 3133 1442 3218; baseline 0.008 -22"><span class='ocrx_word' id='word_1_184' title='bbox 309 3133 346 3196; x_wconf 94' lang='lat' dir='ltr'><strong>in</strong></span> <span class='ocrx_word' id='word_1_185' title='bbox 363 3137 460 3196; x_wconf 86' lang='lat' dir='ltr'><strong>statu</strong></span> <span class='ocrx_word' id='word_1_186' title='bbox 477 3133 707 3213; x_wconf 89' lang='lat' dir='ltr'><strong>concordiae,</strong></span> <span class='ocrx_word' id='word_1_187' title='bbox 729 3133 797 3197; x_wconf 91' lang='lat' dir='ltr'><strong>hoc</strong></span> <span class='ocrx_word' id='word_1_188' title='bbox 813 3145 880 3214; x_wconf 91' lang='lat' dir='ltr'><strong>est,</strong></span> <span class='ocrx_word' id='word_1_189' title='bbox 899 3135 1041 3218; x_wconf 88' lang='lat' dir='ltr'><strong>quoties</strong></span> <span class='ocrx_word' id='word_1_190' title='bbox 1058 3136 1250 3202; x_wconf 89' lang='lat' dir='ltr'><strong>conflictus</strong></span> <span class='ocrx_word' id='word_1_191' title='bbox 1267 3155 1343 3203; x_wconf 91' lang='lat' dir='ltr'><strong>non</strong></span> <span class='ocrx_word' id='word_1_192' title='bbox 1360 3141 1442 3204; x_wconf 87' lang='lat' dir='ltr'><strong>exi·</strong></span> 
     </span>
     <span class='ocr_line' id='line_1_28' title="bbox 309 3240 1440 3328; baseline 0.005 -24"><span class='ocrx_word' id='word_1_193' title='bbox 309 3245 395 3321; x_wconf 83' lang='lat' dir='ltr'><strong>atat,</strong></span> <span class='ocrx_word' id='word_1_194' title='bbox 414 3240 546 3304; x_wconf 89' lang='lat' dir='ltr'><strong>etenim</strong></span> <span class='ocrx_word' id='word_1_195' title='bbox 562 3241 688 3322; x_wconf 87' lang='lat' dir='ltr'><strong>regula</strong></span> <span class='ocrx_word' id='word_1_196' title='bbox 701 3241 883 3321; x_wconf 85' lang='lat' dir='ltr'><strong>generalis</strong></span> <span class='ocrx_word' id='word_1_197' title='bbox 896 3241 989 3323; x_wconf 88' lang='lat' dir='ltr'><strong>juris</strong></span> <span class='ocrx_word' id='word_1_198' title='bbox 1023 3243 1204 3308; x_wconf 89' lang='lat' dir='ltr'><strong>naturalis</strong></span> <span class='ocrx_word' id='word_1_199' title='bbox 1236 3246 1440 3328; x_wconf 87' lang='lat' dir='ltr'><strong>praecipit,</strong></span> 
     </span>
     <span class='ocr_line' id='line_1_29' title="bbox 311 3345 1443 3433; baseline 0.008 -25"><span class='ocrx_word' id='word_1_200' title='bbox 311 3353 349 3408; x_wconf 94' lang='lat' dir='ltr'><strong>ut</strong></span> <span class='ocrx_word' id='word_1_201' title='bbox 365 3346 401 3408; x_wconf 91' lang='lat' dir='ltr'><strong>in</strong></span> <span class='ocrx_word' id='word_1_202' title='bbox 420 3345 558 3410; x_wconf 89' lang='lat' dir='ltr'><strong>duabus</strong></span> <span class='ocrx_word' id='word_1_203' title='bbox 576 3347 809 3410; x_wconf 88' lang='lat' dir='ltr'><strong>societatibus</strong></span> <span class='ocrx_word' id='word_1_204' title='bbox 824 3347 996 3428; x_wconf 87' lang='lat' dir='ltr'><strong>perlectis</strong></span> <span class='ocrx_word' id='word_1_205' title='bbox 1012 3353 1049 3412; x_wconf 94' lang='lat' dir='ltr'><strong>et</strong></span> <span class='ocrx_word' id='word_1_206' title='bbox 1062 3349 1266 3433; x_wconf 81' lang='lat' dir='ltr'><strong>formaliter</strong></span> <span class='ocrx_word' id='word_1_207' title='bbox 1291 3355 1443 3418; x_wconf 86' lang='lat' dir='ltr'><strong>tantum</strong></span> 
     </span>
     <span class='ocr_line' id='line_1_30' title="bbox 310 3449 1442 3538; baseline 0.01 -26"><span class='ocrx_word' id='word_1_208' title='bbox 310 3449 488 3514; x_wconf 88' lang='lat' dir='ltr'><strong>distinctis</strong></span> <span class='ocrx_word' id='word_1_209' title='bbox 501 3451 593 3515; x_wconf 87' lang='lat' dir='ltr'><strong>duae</strong></span> <span class='ocrx_word' id='word_1_210' title='bbox 607 3457 670 3515; x_wconf 89' lang='lat' dir='ltr'><strong>aut</strong></span> <span class='ocrx_word' id='word_1_211' title='bbox 701 3451 824 3533; x_wconf 89' lang='lat' dir='ltr'><strong>plures</strong></span> <span class='ocrx_word' id='word_1_212' title='bbox 840 3451 1083 3534; x_wconf 85' lang='lat' dir='ltr'><strong>obligationes</strong></span> <span class='ocrx_word' id='word_1_213' title='bbox 1114 3453 1234 3520; x_wconf 91' lang='lat' dir='ltr'><strong>eidem</strong></span> <span class='ocrx_word' id='word_1_214' title='bbox 1266 3456 1442 3538; x_wconf 89' lang='lat' dir='ltr'><strong>subjecto</strong></span> 
     </span>
     <span class='ocr_line' id='line_1_31' title="bbox 310 3552 1442 3643; baseline 0.012 -28"><span class='ocrx_word' id='word_1_215' title='bbox 310 3552 744 3638; x_wconf 80' lang='lat' dir='ltr'><strong>inhaerentesadimpleri</strong></span> <span class='ocrx_word' id='word_1_216' title='bbox 758 3556 926 3638; x_wconf 91' lang='lat' dir='ltr'><strong>debeant,</strong></span> <span class='ocrx_word' id='word_1_217' title='bbox 946 3559 1249 3643; x_wconf 89' lang='lat' dir='ltr'><strong>quotiescumque</strong></span> <span class='ocrx_word' id='word_1_218' title='bbox 1262 3563 1442 3628; x_wconf 88' lang='lat' dir='ltr'><strong>concilia·</strong></span> 
     </span>
     <span class='ocr_line' id='line_1_32' title="bbox 310 3655 1442 3742; baseline 0.014 -22"><span class='ocrx_word' id='word_1_219' title='bbox 310 3657 401 3721; x_wconf 89' lang='lat' dir='ltr'><strong>biles</strong></span> <span class='ocrx_word' id='word_1_220' title='bbox 414 3655 497 3740; x_wconf 85' lang='lat' dir='ltr'><strong>sint,</strong></span> <span class='ocrx_word' id='word_1_221' title='bbox 517 3677 657 3742; x_wconf 90' lang='lat' dir='ltr'><strong>nempe,</strong></span> <span class='ocrx_word' id='word_1_222' title='bbox 675 3679 755 3726; x_wconf 88' lang='lat' dir='ltr'><strong>cum</strong></span> <span class='ocrx_word' id='word_1_223' title='bbox 773 3663 1008 3730; x_wconf 89' lang='lat' dir='ltr'><strong>observantia</strong></span> <span class='ocrx_word' id='word_1_224' title='bbox 1027 3666 1132 3732; x_wconf 92' lang='lat' dir='ltr'><strong>unius</strong></span> <span class='ocrx_word' id='word_1_225' title='bbox 1153 3667 1264 3732; x_wconf 87' lang='lat' dir='ltr'><strong>finem</strong></span> <span class='ocrx_word' id='word_1_226' title='bbox 1281 3669 1442 3736; x_wconf 89' lang='lat' dir='ltr'><strong>alterius</strong></span> 
     </span>
     <span class='ocr_line' id='line_1_33' title="bbox 310 3763 1443 3857; baseline 0.015 -32"><span class='ocrx_word' id='word_1_227' title='bbox 310 3763 495 3828; x_wconf 88' lang='lat' dir='ltr'><strong>societatis</strong></span> <span class='ocrx_word' id='word_1_228' title='bbox 512 3765 657 3830; x_wconf 89' lang='lat' dir='ltr'><strong>minime</strong></span> <span class='ocrx_word' id='word_1_229' title='bbox 677 3768 848 3848; x_wconf 90' lang='lat' dir='ltr'><strong>impediat</strong></span> <span class='ocrx_word' id='word_1_230' title='bbox 876 3769 937 3834; x_wconf 89' lang='lat' dir='ltr'><strong>vel</strong></span> <span class='ocrx_word' id='word_1_231' title='bbox 954 3769 1158 3854; x_wconf 88' lang='lat' dir='ltr'><strong>imminuat;</strong></span> <span class='ocrx_word' id='word_1_232' title='bbox 1188 3791 1259 3856; x_wconf 84' lang='lat' dir='ltr'><strong>age</strong></span> <span class='ocrx_word' id='word_1_233' title='bbox 1287 3775 1383 3857; x_wconf 89' lang='lat' dir='ltr'><strong>jam,</strong></span> <span class='ocrx_word' id='word_1_234' title='bbox 1402 3777 1443 3842; x_wconf 91' lang='lat' dir='ltr'><strong>in</strong></span> 
     </span>
     <span class='ocr_line' id='line_1_34' title="bbox 312 3869 1443 3958; baseline 0.013 -27"><span class='ocrx_word' id='word_1_235' title='bbox 312 3869 474 3949; x_wconf 90' lang='lat' dir='ltr'><strong>pluribus</strong></span> <span class='ocrx_word' id='word_1_236' title='bbox 491 3887 538 3934; x_wconf 85' lang='lat' dir='ltr'><strong>ex</strong></span> <span class='ocrx_word' id='word_1_237' title='bbox 549 3873 737 3936; x_wconf 89' lang='lat' dir='ltr'><strong>recensitis</strong></span> <span class='ocrx_word' id='word_1_238' title='bbox 751 3875 1018 3940; x_wconf 89' lang='lat' dir='ltr'><strong>immunitatum</strong></span> <span class='ocrx_word' id='word_1_239' title='bbox 1035 3877 1220 3958; x_wconf 89' lang='lat' dir='ltr'><strong>capitibus</strong></span> <span class='ocrx_word' id='word_1_240' title='bbox 1238 3897 1314 3944; x_wconf 93' lang='lat' dir='ltr'><strong>non</strong></span> <span class='ocrx_word' id='word_1_241' title='bbox 1332 3881 1443 3948; x_wconf 86' lang='lat' dir='ltr'><strong>adest</strong></span> 
     </span>
    </p>
   </div>
   <div class='ocr_carea' id='block_1_5' title="bbox 312 3974 1531 4071">
    <p class='ocr_par' dir='ltr' id='par_1_5' title="bbox 312 3974 1531 4071">
     <span class='ocr_line' id='line_1_35' title="bbox 312 3974 1531 4071; baseline 0.013 -35"><span class='ocrx_word' id='word_1_242' title='bbox 312 3974 512 4056; x_wconf 87' lang='lat' dir='ltr'><strong>conflictus,</strong></span> <span class='ocrx_word' id='word_1_243' title='bbox 530 3991 634 4040; x_wconf 89' lang='lat' dir='ltr'><strong>secus</strong></span> <span class='ocrx_word' id='word_1_244' title='bbox 657 3995 776 4060; x_wconf 88' lang='lat' dir='ltr'><strong>neque</strong></span> <span class='ocrx_word' id='word_1_245' title='bbox 806 3979 851 4043; x_wconf 90' lang='lat' dir='ltr'><strong>ab</strong></span> <span class='ocrx_word' id='word_1_246' title='bbox 869 3977 1037 4045; x_wconf 83' lang='lat' dir='ltr'><strong>Ecclesia</strong></span> <span class='ocrx_word' id='word_1_247' title='bbox 1061 3981 1246 4066; x_wconf 82' lang='lat' dir='ltr'><strong>indulgeri</strong></span> <span class='ocrx_word' id='word_1_248' title='bbox 1271 3997 1441 4071; x_wconf 91' lang='lat' dir='ltr'><strong>possent,</strong></span> <span class='ocrx_word' id='word_1_249' title='bbox 1530 4019 1531 4034; x_wconf 32' lang='lat' dir='ltr'><strong>a</strong></span> 
     </span>
    </p>
   </div>
   <div class='ocr_carea' id='block_1_6' title="bbox 314 4125 497 4138">
    <p class='ocr_par' dir='ltr' id='par_1_6' title="bbox 314 4125 497 4138">
     <span class='ocr_line' id='line_1_36' title="bbox 314 4125 497 4138; baseline -0.005 -2"><span class='ocrx_word' id='word_1_250' title='bbox 314 4125 497 4138; x_wconf 53' lang='grc'><strong>*-</strong></span> 
     </span>
    </p>
   </div>
   <div class='ocr_carea' id='block_1_7' title="bbox 384 4217 911 4293">
    <p class='ocr_par' dir='ltr' id='par_1_7' title="bbox 384 4217 911 4293">
     <span class='ocr_line' id='line_1_37' title="bbox 384 4217 911 4293; baseline 0.013 -24"><span class='ocrx_word' id='word_1_251' title='bbox 384 4217 421 4285; x_wconf 84' lang='lat'><strong>(1)</strong></span> <span class='ocrx_word' id='word_1_252' title='bbox 458 4217 911 4293; x_wconf 73' lang='lat' dir='ltr'><strong>saa.xxv,ap.xxaaef.</strong></span> 
     </span>
    </p>
   </div>
   <div class='ocr_carea' id='block_1_8' title="bbox 0 0 1557 4986">
    <p class='ocr_par' dir='ltr' id='par_1_8' title="bbox 0 0 1557 4986">
     <span class='ocr_line' id='line_1_38' title="bbox 0 0 1557 4986; baseline 0 0"><span class='ocrx_word' id='word_1_253' title='bbox 0 0 1557 4986; x_wconf 95' lang='lat' dir='ltr'><strong> </strong></span> 
     </span>
    </p>
   </div>
  </div>
 </body>
</html>
