3038 4994
521 348 702 407 ..207-

76 490 271 556 sessionibus
290 491 467 571 omnibus;
485 490 635 574 Pipinus
657 495 792 572 autem,
826 491 1042 556 convocatis
1072 490 1178 574 regni

77 598 164 662 totins
187 597 415 680 primoribus,
433 615 507 662 non
539 597 655 662 solum
695 597 875 680 promisit,
910 598 1178 664 verumetiam

72 701 285 784 jurejurando
297 721 337 768 se
350 703 545 768 obstrinxit
561 721 606 769 ea
622 704 743 768 omnia
759 720 997 785 recuperare,
1017 721 1112 786 quae
1130 705 1178 769 ab

75 809 357 894 dstulioejusque
370 810 713 894 praedecessoribus
726 810 963 893 Apostolioae
978 809 1064 875 Sodi
1076 810 1178 874 abla-

75 915 258 996 talnerant,
273 933 383 999 quam
399 915 544 998 quidem
557 915 718 997 jnratam
732 917 1015 999 promissionem
1032 917 1177 999 religio·

74 1037 103 1084 se
115 1021 333 1104 adimplevit,
351 1022 464 1087 semel
483 1040 526 1086 ao
543 1023 674 1086 iterum
703 1040 807 1086 arma
837 1027 966 1087 eontra
994 1023 1177 1088 Astulium

74 1128 240 1210 capiendo,
271 1129 389 1211 ipsum
421 1128 647 1193 devincendo
666 1133 775 1212 atque
805 1129 969 1208 cogendo
998 1129 1046 1194 ad
1072 1129 1176 1194 resti·

75 1233 222 1300 tuendum
250 1234 414 1300 Romano
446 1234 611 1300 Praesuli
643 1234 818 1318 quidquid
846 1235 880 1300 ei
912 1239 1174 1318 usurpaverat,

73 1355 178 1421 nempe
190 1339 441 1406 Exarohatum
460 1357 541 1404 eum
554 1339 748 1423 Pentapoli
764 1341 995 1424 eaeterisque
1026 1341 1177 1407 urbibus

73 1443 184 1511 eisdem
198 1447 366 1528 adnexis;
384 1447 439 1510 3.⁰
452 1451 591 1512 mortuo
608 1446 788 1529 Astulpho
803 1453 912 1531 atque
927 1446 1111 1530 Stephano
1124 1447 1174 1530 11,

72 1566 149 1614 nora
163 1553 307 1618 invasio
331 1553 484 1617 obvenit
509 1552 554 1616 ob
578 1553 769 1635 perfidiam
794 1553 975 1618 Desiderii
1000 1553 1177 1636 postremi
1222 1635 1223 1640 ἵ

72 1655 374 1739 Longobardorum
390 1659 488 1740 regis
506 1664 580 1724 tum
601 1658 862 1740 Exarobatum‚
882 1664 957 1724 tum
991 1660 1084 1724 alias
1115 1658 1176 1725 Se·

72 1759 113 1826 dis
126 1763 306 1830 Romanae
320 1765 475 1830 ditiones
510 1765 641 1829 iterum
673 1765 934 1847 aggredientis3
950 1771 989 1830 at
1021 1766 1177 1831 Carolus

72 1866 199 1950 liagnus
212 1872 261 1936 ab
279 1869 500 1936 Hadrianoi
518 1872 656 1936 aooitus
673 1873 711 1936 in
723 1871 871 1936 Italiam
901 1873 1088 1954 proiectus
1106 1877 1175 1952 est,

72 1973 253 2041 etdeviotis
270 1975 536 2058 Longobardis,
558 1978 691 2059 omnia,
710 1994 805 2060 quae
824 1995 845 2041 a
863 1977 1177 2060 Pipinorestituta

73 2083 120 2143 aut
152 2082 288 2147 donata
327 2083 473 2148 fuerant
511 2075 672 2148 Romano
704 2083 884 2166 Pontifici,
922 2087 1004 2148 rata
1035 2083 1175 2164 habuit,

73 2183 280 2255 Desiderium
293 2191 437 2255 exulem
454 2191 491 2254 in
505 2188 645 2255 Gallias
669 2190 803 2255 ducens
819 2195 856 2256 et
884 2191 1048 2273 Regnum
1077 2189 1176 2254 Lon·

73 2294 287 2372 gobardioum
300 2301 484 2362 evertens.

141 2403 283 2470 Deditio
309 2404 532 2490 populorum.
565 2401 805 2486 Quamquam,
824 2403 876 2469 uti
905 2403 1072 2486 superius
1100 2402 1177 2466 ani·

73 2507 325 2592 nadvertimus‚
344 2510 469 2593 populi
493 2509 588 2574 ultro
605 2527 645 2574 se
663 2509 791 2574 ditioni
808 2527 852 2574 ao
869 2511 1006 2574 tutelae
1023 2509 1176 2574 Praesu-

73 2609 128 2678 lum
148 2616 393 2682 Romanorum
421 2617 656 2698 subjecerunt
680 2619 801 2680 aetate
824 2617 902 2698 illa,
921 2633 993 2699 qua
1017 2616 1174 2680 Barbari

73 2719 127 2784 suis
147 2723 399 2807 frequentibus
428 2722 694 2788 incursionibus
723 2723 844 2786 omnia
868 2741 929 2786 sus
959 2723 1076 2805 deque
1093 2739 1176 2787 ver-

73 2825 187 2911 tebant,
205 2829 474 2912 depopulantes
492 2846 536 2893 ao
552 2829 797 2893 dilacerantes
820 2830 1029 2912 fragmenta
1046 2829 1176 2894 Rorna-

72 2933 265 3019 nilmperii,
285 2953 379 3019 quae
401 2935 629 3018 Byzantinae
658 2935 894 3000 dominationi
924 2936 1042 3000 adbuc
1072 2936 1177 3000 sube-

72 3046 147 3123 rant,
164 3045 251 3126 quin
267 3043 513 3126 Imperatores
542 3039 675 3108 Graeci
699 3046 763 3106 aut
780 3047 932 3124 possent
958 3046 1022 3106 aut
1038 3042 1178 3106 vellent

73 3144 142 3226 ipsis
166 3150 353 3234 opitulari,
371 3153 533 3214 attamen
549 3149 642 3213 haee
669 3152 874 3231 spontanea
892 3148 1029 3213 deditio
1060 3153 1096 3212 et
1114 3165 1176 3211 vo-

72 3249 209 3322 luntaria
240 3257 433 3322 submissio
466 3257 683 3338 populorum
710 3261 963 3320 consummata
993 3258 1061 3336 est,
1080 3271 1176 3334 oum,

73 3359 203 3431 devietis
237 3371 276 3430 et
302 3364 526 3448 propulsatis
557 3362 821 3444 Longobardis,
851 3362 1003 3426 libertas
1035 3361 1179 3424 exstitit

72 3466 311 3538 adhaesionem
334 3470 547 3554 praestandi
564 3476 600 3536 et
625 3470 870 3535 obedientiam
886 3469 992 3533 novis
1009 3467 1176 3532 Dominis

72 3574 239 3662 reddendi;
259 3583 345 3644 tuno
372 3579 468 3643 enim
485 3578 608 3661 plures
637 3577 762 3659 populi
788 3576 943 3658 finitimi,
961 3575 1177 3641 nominatim

72 3693 143 3746 vero
158 3683 348 3769 Spoletini,
367 3685 511 3751 Reatini
528 3703 573 3750 ao
587 3685 731 3750 incolas
746 3685 879 3750 Istriae
890 3685 1019 3749 libenti
1035 3686 1171 3765 animo,

72 3779 252 3875 lipisoopos
263 3793 400 3858 Romae
417 3799 602 3875 tamquam
619 3792 807 3874 Principes
824 3795 1069 3874 agnoverunt
1089 3809 1174 3855 nam

74 3897 164 3960 antea
177 3899 237 3964 isti
252 3899 392 3982 populi,
406 3899 493 3963 lioet
508 3899 672 3964 ardenter
684 3899 936 3979 desideravere,
946 3899 1055 3980 juxta
1072 3897 1176 3960 testi-

74 4005 211 4072 monium
234 4005 433 4088 Anastasii,
452 4005 613 4071 Romano
642 4005 809 4070 Pontifici
833 4004 950 4086 subdi,
969 4005 1099 4068 timore
1116 4001 1177 4066 de·

74 4111 148 4173 tenti
172 4117 255 4178 sunt
285 4114 382 4196 regis
410 4113 603 4194 Desiderii,
630 4113 691 4197 qui
719 4113 840 4178 omnia
868 4111 1081 4193 invadebat;
1110 4111 1176 4177 sed

73 4215 177 4282 statim
193 4237 236 4285 ao
253 4219 331 4285 Rex
353 4221 422 4285 iste
446 4239 468 4284 a
485 4217 615 4286 Oarolo
633 4219 765 4303 Magno
783 4219 950 4286 devictus
967 4219 1047 4303 fuit,
1070 4217 1175 4284 iuon-
