3096 4986
555 381 715 439 „31-

95 525 139 586 est
153 521 324 587 educandi
337 527 375 588 et
386 523 598 587 instituendi
615 523 708 588 filios
721 541 817 607 suos,
834 527 954 608 potest
967 527 1089 590 tamen
1102 527 1195 591 alios

94 628 149 692 sibi
178 629 367 693 adsumere
396 633 432 692 at
461 629 646 694 associare
675 632 740 694 sub
769 649 835 695 sua
864 631 1057 714 vigilantia
1085 635 1196 715 atque

94 735 406 817 responsabilitate,
426 737 627 817 quusmodi
651 736 832 801 habentur
849 738 911 802 vel
938 737 1103 820 magistri
1120 741 1195 804 siab-

93 845 196 922 stituti,
220 844 282 925 qui
313 843 432 906 locum
461 845 766 925 patrumfamilias
796 845 972 926 obtinent,
999 862 1196 928 eorumque

94 950 278 1014 absentium
294 951 395 1014 vices
413 959 556 1033 gerunt,
576 968 657 1015 cum
674 951 739 1014 filii
766 951 804 1016 in
822 951 986 1033 collegiis
1003 951 1196 1016 habituali-

94 1060 209 1122 tarsen
222 1059 434 1121 constanter
450 1057 623 1138 resident,
640 1057 701 1121 vel
715 1057 880 1139 magistri
893 1057 1120 1144 coadjutores,
1134 1059 1197 1140 qui

94 1167 199 1244 patres
227 1163 384 1227 filiorum
400 1163 618 1228 institutioni
646 1163 876 1228 attendentes
905 1163 1095 1244 adjuvant,
1115 1181 1196 1228 cum

94 1269 144 1332 ilii
157 1271 191 1334 in
214 1270 321 1334 domo
339 1274 493 1352 paterna
513 1270 643 1334 vivunt
661 1275 697 1334 et
713 1275 852 1334 tantum
870 1269 1015 1334 scholas
1028 1271 1196 1352 frequen-

94 1379 168 1458 tant,
185 1383 248 1440 aut
263 1377 301 1441 in
317 1377 400 1459 ipsa
416 1376 521 1440 domo
540 1381 696 1457 paterna
709 1377 902 1458 magistros
919 1375 1081 1440 audiunt.

165 1483 317 1549 Scholae
346 1488 466 1548 autem
497 1483 666 1565 publicae
694 1483 814 1548 locum
844 1483 953 1548 etiam
982 1487 1108 1548 tenent
1133 1503 1196 1567 pa·

94 1591 342 1671 trumfamilias,
354 1607 427 1653 non
441 1589 607 1670 equidem
621 1606 667 1653 ox
681 1590 933 1672 designatione
947 1607 1123 1673 expressa
1136 1592 1197 1656 vel

91 1693 281 1760 immediata
301 1699 447 1778 patrum
465 1695 708 1776 delegatione,
727 1694 792 1759 sed
811 1713 858 1760 ex
874 1696 1065 1760 voluntate
1081 1697 1196 1778 publi·

92 1815 144 1864 cae
159 1801 386 1867 auctoritatis
401 1817 525 1865 eorum
540 1801 803 1883 negligentiam
815 1819 879 1866 sau
894 1802 1073 1867 incuriam
1087 1803 1196 1867 corri-

92 1910 203 1990 gentis,
222 1910 286 1976 vel
305 1927 371 1992 pro
388 1909 609 1973 necessitate
625 1909 725 1990 ipsos
742 1909 1005 1974 substituentia.

162 2015 232 2078 3.τιῘΙι
279 2015 437 2081 Ecclesia
460 2015 586 2100 pandet
601 2017 686 2102 jure
707 2017 858 2100 positivo
888 2016 1099 2098 directionis,
1116 2018 1198 2082 visi·

92 2121 214 2186 tadonis
227 2131 332 2204 atque
347 2121 571 2205 inspectionis
584 2122 697 2205 quoad
711 2122 871 2186 veritates
883 2121 1066 2206 relipiasas
1074 2125 1198 2205 pueris

92 2228 265 2293 tradendas
287 2229 326 2292 in
349 2229 505 2292 omnibus
528 2227 654 2293 scholis
676 2229 866 2312 primariis
894 2228 990 2312 apud
1014 2228 1198 2293 catholicas

91 2331 253 2399 institutis.-
271 2335 374 2416 (ergo
391 2349 587 2398 concursus
606 2334 834 2398 auctoritatis
853 2333 1126 2398 ecclesiasticae
1143 2339 1199 2398 est

92 2440 217 2503 omnino
236 2439 496 2518 necessarius).
1168 2443 1172 2450 '

163 2545 369 2611 Hodiedum
401 2545 632 2628 praesertim,
662 2548 830 2628 spectata
862 2545 1049 2611 societatis
1079 2545 1199 2612 civilis

92 2651 283 2718 conditione
300 2635 480 2734 novisque
497 2669 541 2716 ao
558 2651 774 2734 perniciosis
790 2651 952 2734 theoriis,
969 2669 1062 2736 quae
1079 2653 1199 2719 ubivis

90 2759 233 2836 gentiam
267 2763 496 2842 grassantur,
516 2775 665 2840 prorsus
698 2758 738 2824 fit
766 2761 995 2824 necessarius
1019 2761 1199 2843 positivus

89 2861 262 2930 Ecclesiae
285 2865 515 2930 interventus
532 2882 576 2929 ea
593 2869 713 2930 mente
740 2882 785 2929 ac
802 2866 990 2948 potissimo
1018 2884 1142 2950 scopo,
1162 2871 1200 2932 ut

89 2969 219 3036 scholae
253 2970 437 3052 publicae,
466 2971 624 3034 maximo
655 2970 686 3034 si
716 2969 958 3052 obligatorias
989 2965 1200 3038 declaratae

89 3073 220 3156 fuerint,
239 3083 277 3142 et
302 3077 492 3142 Ecclesiae
509 3083 545 3140 et
562 3077 886 3160 patribusfamilias
904 3077 1073 3143 fiduciam
1090 3079 1199 3160 inspi-

89 3197 159 3247 rare
175 3190 287 3268 atque
302 3184 537 3249 securitatem
550 3187 741 3266 praestare
759 3190 896 3267 queant
912 3202 979 3267 pro
996 3189 1098 3249 recta
1114 3183 1198 3248 fide·

90 3285 163 3354 lium
175 3291 404 3356 institutione
421 3296 458 3354 et
470 3289 671 3355 christiana
688 3290 845 3355 filiorum
859 3291 1085 3355 educatione.

163 3398 238 3462 ψ
283 3398 415 3482 Nequit
431 3399 595 3482 separari
611 3399 648 3463 in
665 3397 791 3463 sobolis
811 3397 1001 3482 primariis
1017 3397 1199 3463 instructio

90 3503 340 3572 obcaecatione
363 3505 505 3588 morali·
518 3525 578 3570 nec
595 3505 752 3570 educatio
770 3504 914 3570 moralia
931 3525 954 3570 a
969 3503 1133 3590 reiipiosa
1148 3505 1200 3570 in·

89 3614 274 3693 ebusitana
289 3631 396 3696 neque
409 3611 545 3677 demum
558 3611 740 3677 instructio
754 3611 919 3696 relipiosa
931 3611 974 3676 ab
987 3611 1202 3679 institutione

90 3717 257 3784 catholica:
292 3723 394 3802 (ergo
425 3717 552 3782 schola
578 3718 814 3784 materiatista
840 3717 1045 3802 Hobbessii,
1075 3719 1202 3784 schola

89 3820 170 3890 laica
184 3825 304 3908 Belgii
329 3828 440 3908 atque
457 3821 615 3906 Galliae,
634 3823 760 3889 schola
788 3827 1001 3892 naturalista
1018 3826 1079 3891 vel
1094 3825 1201 3911 indif-

87 3932 258 4014 ferentista
274 3933 563 4018 philosophismi,
586 3931 713 3996 doismi
730 3935 766 3996 et
781 3932 1022 3998 rationalismi
1039 3931 1203 3997 moderni

89 4045 162 4104 sunt
185 4041 337 4108 totidem
355 4046 559 4108 commenta
576 4057 666 4106 vere
694 4039 819 4123 impia,
838 4042 967 4122 aparte
994 4055 1150 4104 erronea
1167 4039 1204 4102 et

90 4146 190 4226 plane
209 4147 395 4234 absurda).

171 4253 217 4323 nt
244 4273 285 4324 re
300 4255 446 4339 quidem
462 4273 566 4336 vara,
584 4253 763 4338 plurimae
787 4252 947 4318 rationes
963 4251 1120 4317 militant
1134 4267 1203 4409 pro
