3028 4992
550 365 731 426 -361-

92 509 264 590 possibilis
292 510 339 575 sit
362 527 490 576 veram
514 517 551 576 et
577 510 780 593 perfectam
808 513 1079 593 separationem
1105 511 1203 576 inter

92 616 164 680 illas
192 621 368 698 statuere,
399 623 475 681 tum
492 617 603 682 etiam
619 617 822 700 quialimes
850 619 1082 683 territorialis
1112 618 1204 682 duas

91 721 251 786 finitimas
275 721 450 788 Nationes
467 723 678 805 disjungens
695 723 792 788 haud
807 741 951 807 semper
969 724 1107 788 duobus
1124 723 1202 789 Sta·

16 899 17 910 χ
90 827 174 892 tibus
190 833 314 910 potest
330 843 412 894 esse
429 831 604 894 terminus
631 830 857 912 adaequatus
874 831 935 896 vel
964 847 1089 912 margo
1107 847 1202 894 com-

16 917 17 966 Τ
89 935 209 1014 munis;
229 941 305 999 tum
322 933 478 1016 denique
495 935 581 1016 quia
597 951 731 1016 magna
747 935 850 1017 viget
867 934 1113 1016 discrepantia
1129 935 1203 1016 opi-

88 1039 228 1104 nionum
245 1057 358 1122 penes
375 1041 474 1122 ipsos
488 1041 651 1122 Juristas,
670 1058 751 1105 cum
768 1042 888 1122 agitur
905 1042 943 1104 in
968 1047 1140 1104 concreto
1159 1040 1205 1105 de

87 1143 316 1226 adsignandis
334 1145 523 1210 elementis
550 1147 794 1211 constitutivis
818 1148 990 1229 nationis,
1009 1148 1062 1210 uti
1079 1163 1203 1210 nume-

84 1267 121 1316 ro
137 1251 305 1333 sequenti
321 1252 538 1317 videbimus.

166 1358 223 1421 33.
273 1356 436 1438 Quatuor
449 1359 670 1441 praecipuae
683 1359 848 1424 theoriae
865 1359 1043 1423 confictae
1056 1364 1140 1423 sunt
1154 1359 1202 1422 ad

85 1462 276 1528 finiendum
294 1464 546 1529 characterem
563 1466 798 1547 peculiarem,
818 1483 888 1547 quo
906 1465 1073 1528 nationes
1091 1466 1137 1528 ad
1151 1467 1203 1528 in-

84 1570 197 1636 vicem
232 1572 514 1654 distinguuntur,
551 1573 730 1655 nimirum,
764 1571 920 1654 Gallica,
967 1571 1201 1652 Germanica,

84 1675 209 1742 Italica
244 1685 355 1762 atque
383 1679 566 1761 Helvetia,
596 1697 793 1763 eurumque
825 1686 1027 1745 assertores
1056 1697 1203 1762 prosua

85 1787 262 1849 sententia
279 1785 552 1850 corroboranda
568 1787 715 1852 diversa
730 1787 912 1852 rationum
939 1791 1122 1851 momenta
1152 1783 1202 1849 al-

85 1889 204 1972 legare
219 1897 412 1956 conantur.

167 1995 281 2078 Galli,
300 2003 420 2062 mente
437 2017 480 2062 ac
497 2017 608 2081 scopo
626 2017 710 2063 suos
725 1999 815 2062 fines
834 1997 1010 2080 usquead
1035 1995 1201 2062 Rhenum

85 2105 315 2186 extendendi,
333 2105 606 2170 fundamentum
619 2107 780 2171 naturale
793 2111 831 2168 ut
845 2105 1038 2187 plurimum
1053 2105 1202 2168 invoca·

85 2213 267 2292 resolent,
302 2217 532 2277 autumantes
563 2213 696 2277 limites
722 2211 924 2292 naturales,
955 2211 1058 2274 velut
1087 2227 1201 2291 mare,

84 2324 234 2398 montes,
254 2319 379 2400 colles,
398 2319 543 2400 aliaque
560 2317 776 2398 hujusmodi,
796 2334 877 2380 esse
895 2315 1096 2380 censendos
1113 2320 1202 2378 tam·

6 2411 7 2444 r
84 2439 186 2503 quam
216 2423 400 2506 margines
417 2423 463 2488 ab
481 2425 560 2507 ipso
588 2425 665 2488 Deo
683 2423 920 2506 praestitutas
937 2421 1068 2486 intuitu
1086 2421 1202 2485 natio·

85 2545 142 2594 nes
159 2530 390 2612 sejungendi.

167 2636 344 2702 Germani
361 2638 539 2702 rationem
571 2640 812 2722 etooproficam
839 2637 994 2718 primum
1030 2635 1201 2714 attulere,

85 2744 342 2808 contendentes
355 2743 531 2826 ejusmodi
545 2744 794 2808 distinctivum
812 2761 834 2806 a
851 2743 1103 2806 communione
1122 2743 1203 2806 stir-

84 2849 135 2927 pis
161 2850 222 2931 (de
250 2854 371 2929 raaas)
389 2867 469 2914 esse
486 2850 735 2932 repetendum,
754 2857 792 2912 ut
818 2850 870 2912 ita
887 2851 982 2914 inter
999 2847 1202 2914 Germanos

84 2963 360 3020 recenserentur
399 2957 592 3037 Alsatiani,
625 2955 851 3038 Lotharingi,
887 2957 1061 3038 multique
1093 2957 1202 3018 etiarn

85 3060 242 3127 Helvetii
259 3071 296 3126 et
312 3063 460 3144 Belgae:
487 3063 570 3128 huic
586 3065 774 3146 primevae
791 3063 1008 3144 expositioni
1040 3062 1204 3124 theoriae

85 3169 315 3246 germanicae
344 3169 437 3233 ultro
470 3170 682 3252 adstipulati
710 3174 793 3232 sunt
817 3169 922 3232 Russi
955 3175 992 3230 et
1018 3167 1115 3248 Itali,
1149 3166 1203 3228 illi

86 3281 232 3358 propter
260 3276 559 3358 panslavismum,
580 3276 648 3340 hoc
665 3281 730 3357 est,
750 3275 795 3339 ob
813 3293 916 3338 suum
949 3277 1110 3353 systema
1128 3272 1202 3335 uni-

86 3385 237 3448 vernalis
250 3383 505 3448 dominationis
517 3385 555 3447 in
580 3382 722 3463 slavos,
742 3383 802 3446 isti
827 3399 915 3445 vero
948 3380 994 3443 ad
1026 3382 1203 3443 unitatem

84 3491 304 3556 rationalem
322 3491 427 3555 citius
459 3491 736 3573 assequendam.
755 3490 824 3554 Sed
841 3507 921 3552 cum
955 3488 1047 3552 haec
1075 3489 1203 3570 regula

85 3611 147 3661 nec
164 3599 275 3662 facile
292 3614 361 3662 nec
378 3602 454 3661 tuto
472 3597 518 3661 ad
536 3602 699 3678 optatam
713 3601 847 3660 metam
864 3595 1024 3674 duceret,
1040 3596 1126 3676 quia
1140 3597 1204 3660 vix

85 3709 143 3766 aut
158 3721 205 3768 no
234 3703 298 3768 vix
315 3703 460 3785 quidem
476 3703 634 3766 inveniri
652 3708 823 3784 poterunt
840 3708 967 3784 gentes
985 3719 1101 3783 purae
1134 3705 1202 3766 cri-

84 3810 172 3888 ginis
187 3809 246 3892 (de
264 3827 353 3873 rana
371 3810 488 3893 pura),
508 3809 680 3874 Germani
694 3809 741 3872 ad
752 3810 980 3895 philoloqiam
1008 3825 1089 3872 sese
1119 3827 1201 3872 con·

84 3917 264 3999 fugerunt,
281 3916 507 3980 affirmantes
520 3916 637 3980 denuo
652 3928 775 3980 notam
789 3915 1127 3980 characteristicum
1141 3933 1204 3979 na·

85 4023 217 4088 tionum
266 4039 347 4088 esse
390 4023 637 4104 reponendam
665 4023 703 4085 in
735 4022 997 4086 assimilatione
1036 4021 1205 4104 stirpium

85 4129 269 4214 sanguinis
281 4131 385 4194 mixti
398 4129 637 4211 primigeniae
650 4127 755 4209 stirpi
770 4127 890 4210 quoad
902 4127 1099 4210 qualitates
1114 4129 1203 4211 phy·

84 4238 174 4304 sicas
192 4253 237 4302 ac
253 4236 423 4318 morales,
442 4252 536 4318 quae
553 4234 698 4316 quidem
714 4234 929 4299 assimilatio
957 4239 1059 4300 recte
1090 4237 1203 4318 conji-
