3096 4986
576 417 735 476 ..43-

23 535 25 558 '
96 563 306 622 mentaneus
320 575 506 641 recursus,
524 561 663 642 punitio
682 560 755 624 cito
774 559 1007 642 reparabilis,
1033 561 1145 625 semel
1174 580 1219 626 ac

98 661 165 727 linis
183 665 398 747 spiritualis
415 684 437 729 a
452 665 620 730 Praeleto
634 668 794 731 intentus
811 685 877 731 usu
894 667 999 748 hujus
1025 670 1219 750 potestatis

97 771 260 836 obtentus
279 773 405 853 fuerit;
425 781 649 856 quopropter
674 779 727 838 tot
756 773 1013 856 regalistarum
1038 776 1218 839 declama·

23 909 24 912 π
98 877 215 959 tiones,
234 885 389 960 tamque
409 895 513 942 aeres
528 879 829 961 jansenianorum
848 897 1024 944 censurae
1042 880 1220 944 adversus

23 975 24 1000 ¹
98 981 346 1047 Tridentinum
379 982 574 1048 Decretum
601 1003 751 1066 prorsus
780 987 938 1066 injustae
967 987 1141 1064 evadunt,
1161 1004 1218 1049 eo-

97 1105 242 1170 rumque
261 1087 385 1151 dolum
410 1089 469 1152 vel
488 1089 677 1154 stultitiam
696 1091 831 1172 liquido
852 1091 1091 1174 patefaciens
1109 1109 1218 1172 quan·

101 1193 302 1276 doquidem,
315 1199 408 1260 teste
423 1197 662 1278 experientia,
678 1197 837 1279 prudens
852 1205 961 1280 atque
976 1207 1219 1280 opportunum

100 1301 310 1364 exercitium
333 1302 556 1366 novissimae
579 1302 766 1366 facultatis
800 1301 891 1366 adeo
921 1319 986 1384 per
1015 1305 1221 1366 neotericos

99 1405 331 1487 impugnatae
357 1407 508 1470 multum
527 1407 679 1471 contulit
703 1408 750 1471 ad
775 1407 1002 1472 retinendum
1028 1409 1164 1471 clerum
1183 1409 1221 1472 in

102 1511 218 1576 debita
236 1515 465 1596 subjectione
481 1523 520 1580 et
532 1517 755 1579 reverentia:
771 1515 823 1580 5.⁰
838 1533 962 1579 omues
978 1515 1083 1578 fateri
1100 1525 1220 1580 tenen·

103 1621 204 1684 turin
221 1623 386 1702 qualibet
398 1624 574 1686 societate
593 1623 759 1705 publicos
792 1624 969 1687 officiales
1001 1623 1131 1704 subjici
1161 1639 1220 1686 ex-

105 1728 296 1808 eeptiouali
318 1729 493 1810 potestati
511 1729 752 1810 superiorum,
773 1730 834 1812 qui
852 1747 1122 1811 nonnumquam
1143 1748 1220 1812 pro-

104 1837 230 1899 cedunt
246 1853 317 1899 non
331 1835 569 1917 judicialiter,
588 1837 653 1900 sed
671 1837 962 1918 administrativa
977 1854 1042 1900 seu
1067 1837 1220 1900 arbitrio

104 1959 188 2005 suae
202 1943 418 2024 prudentiae
435 1943 471 2006 in
489 1943 752 2025 suspendendis
780 1945 1025 2024 inferioribus
1058 1944 1221 2025 alioquin

105 2047 259 2128 regimen
275 2049 389 2130 ipsius
406 2049 591 2113 stooieteti
624 2067 712 2113 vere
737 2050 959 2132 impossibile
991 2050 1220 2112 redderetur:

107 2153 160 2216 6.⁰
183 2154 347 2238 denique,
366 2157 476 2220 etiam
500 2163 666 2238 spectato
700 2165 838 2221 tantum
865 2159 947 2238 jure
981 2157 1165 2233 modern0,
1185 2157 1222 2220 in

108 2277 186 2341 quo,
205 2264 488 2328 assentientibus
520 2265 725 2346 gallicanis,
759 2265 996 2339 febronianis,
1024 2264 1221 2344 regalistis,

108 2372 310 2452 cunctisque
325 2371 529 2434 novitatum
543 2371 798 2449 sectatoribus,
818 2371 989 2432 statuitur
1015 2387 1059 2432 ao
1083 2369 1221 2448 procla·
1283 2425 1285 2430 ,

110 2485 230 2555 matur,
247 2477 347 2540 velut
364 2494 517 2558 magnus
536 2483 573 2540 et
590 2477 768 2557 pretiosus
798 2483 946 2539 nostrae
975 2477 1107 2538 aetatis
1143 2491 1221 2554 pro-

111 2596 257 2664 gressus,
292 2583 451 2646 maxima
475 2583 629 2646 libertas
654 2583 800 2661 civium,
828 2583 922 2645 ultro
953 2583 1222 2662 agnoscendum

113 2695 161 2749 est
172 2707 243 2770 eos,
261 2689 623 2771 quiecclesiasticum
635 2690 872 2754 ministerium
884 2689 1095 2768 suscipiunt,
1110 2692 1223 2749 scien·

114 2795 163 2856 ter
187 2813 228 2860 ac
251 2797 421 2861 volenter
439 2815 478 2862 se
496 2797 627 2878 subjici
642 2797 852 2860 discretioni
876 2795 1151 2876 Episcoporum,
1178 2793 1223 2856 si·

115 2911 165 2962 tut
178 2903 211 2965 in
229 2905 407 2967 societate
424 2904 623 2967 domestica
640 2904 766 2967 famuli
780 2908 816 2966 et
832 2903 987 2965 ministri
1001 2903 1139 2981 jndicio
1162 2901 1223 2963 do-

114 3007 276 3073 minorum
302 3009 425 3073 valide
456 3009 598 3088 dimitti,
619 3015 656 3073 ot
681 3009 899 3072 asamulatu
936 3008 997 3071 vel
1024 3006 1224 3070 ministerio

114 3109 215 3178 libere
239 3116 407 3195 separari
431 3123 595 3197 possunt,
615 3116 701 3197 quin
719 3133 841 3179 coram
856 3114 1059 3177 hominibus
1085 3131 1147 3175 seu
1169 3129 1222 3174 so-

113 3219 232 3285 cietate
251 3222 352 3285 civili
374 3222 552 3286 rationem
572 3221 724 3285 reddere
743 3203 936 3285 teneantur
953 3236 1021 3282 neo
1038 3219 1163 3281 famuli
1189 3225 1227 3280 et

112 3326 254 3390 ministri
273 3343 364 3391 suae
381 3327 611 3391 voluntariae
629 3327 865 3409 subjectionis
885 3344 928 3391 ao
943 3324 1223 3405 dependentiae,

111 3445 218 3514 neque
238 3433 375 3497 domini
388 3435 585 3516 peculiaris
597 3435 634 3497 in
652 3437 725 3498 suis
739 3434 895 3516 privatis
914 3431 1077 3494 domibus
1095 3430 1224 3512 guber-

113 3539 290 3603 nationis.-

191 3643 244 3710 23.
294 3644 404 3710 Circa
431 3661 558 3709 veram
586 3663 630 3708 ao
659 3645 854 3726 genuinam
882 3643 1222 3725 interpretationem

113 3744 248 3815 Decreti
277 3749 362 3819 Cam
393 3751 566 3817 honestius
591 3769 725 3832 magna
753 3751 855 3832 viget
896 3751 992 3832 apud
1017 3751 1227 3813 canonistas

113 3859 367 3938 controversia,
387 3857 566 3940 quamvis,
588 3857 618 3920 si
637 3857 900 3921 recentioribus
918 3855 1227 3920 declarationibus

113 3955 295 4032 Sacrorum
311 3963 658 4046 congregationum,
678 3965 896 4046 praesertim
909 3981 998 4027 vero
1013 3961 1161 4025 criterio
1171 3959 1225 4041 ju·

114 4064 217 4132 ridico
246 4087 290 4134 ac
308 4069 472 4152 practico
504 4087 526 4132 a
554 4067 589 4133 S.
623 4067 915 4151 Congregatione
948 4065 1099 4132 Consilii
1125 4065 1228 4128 hisce

115 4177 295 4248 postremis
313 4175 418 4240 annis
436 4180 584 4240 servato
603 4175 770 4239 standum
804 4175 862 4252 sit,
889 4191 1016 4237 sensus
1049 4171 1225 4236 Tridenti-

23 4303 24 4312 ¹
117 4289 179 4339 nae
195 4280 490 4364 praescriptionis
507 4285 619 4364 atque
638 4281 804 4356 extensio
822 4279 1010 4344 facultatis
1027 4295 1092 4359 per
1110 4278 1226 4358 ipsam
