3058 4994
552 396 732 455 ..409-

179 535 357 618 Ejusmodi
374 539 472 603 linea
488 539 525 602 in
549 539 770 604 necessitate
787 541 959 622 propriae
984 541 1206 607 defensionis

107 643 222 720 fulcita,
241 645 308 709 etsi
326 664 538 711 nonomnes
555 645 742 710 haedere
770 648 1019 729 consentiant,
1041 653 1078 710 ut
1096 648 1206 730 pluri·

105 767 181 814 mum
197 755 424 834 computatur
440 771 505 835 per
525 753 735 816 distantiam
749 753 811 818 vel
828 754 1078 834 trajectoriam
1098 771 1207 835 quam

24 937 25 940 Ἴ
104 858 265 936 percurrit
289 858 456 940 explosio
482 859 626 942 glandis
654 859 804 923 muralis
832 859 931 940 (hala
960 859 1004 924 de
1033 859 1166 944 candn)
1184 878 1206 923 a

102 967 261 1028 tormento
275 964 407 1028 bellico
425 966 625 1047 potentiori
643 965 812 1030 emissae.

173 1069 225 1134 79.
274 1069 398 1136 Status
416 1079 602 1154 tamquam
620 1089 800 1155 personae
813 1072 994 1154 juridicae
1020 1073 1206 1138 societatis

25 1161 26 1164 ¹
101 1173 375 1242 internetionalis
391 1178 568 1243 facultate
584 1179 744 1261 gaudent
761 1179 975 1261 acquirendi
990 1184 1027 1243 et
1043 1180 1205 1244 alienan-

25 1269 26 1296 ³
100 1281 128 1344 di
151 1285 394 1365 possessiones
413 1287 654 1350 territoriales
682 1291 717 1351 et
735 1303 983 1369 quascumque
1012 1288 1104 1351 alias
1122 1305 1206 1369 pro·

98 1389 256 1468 prietates
275 1408 400 1456 eorum
420 1392 576 1457 dominio
606 1393 803 1475 subjectas,
823 1399 974 1456 servata
1002 1398 1124 1457 tamen
1156 1395 1207 1457 le-

97 1495 275 1572 gislatione
292 1498 438 1562 interna
456 1500 737 1582 uniuscuiusque
755 1499 927 1562 nationis.

172 1603 318 1686 Duplici
346 1611 453 1688 pacto
471 1607 663 1689 acquirere
687 1612 838 1688 possunt
866 1603 990 1670 Status
1008 1605 1207 1670 dominium

98 1707 380 1794 internetionale,
400 1714 494 1777 sicut
511 1713 698 1778 individua
722 1713 918 1777 dominium
937 1712 1133 1794 privatum,
1154 1712 1207 1774 ni-

98 1815 223 1898 mirum,
242 1818 371 1882 mediis
401 1821 605 1904 oripiacriia
633 1838 677 1883 ac
705 1819 832 1884 madiis
852 1821 1070 1884 derivativis:
1087 1818 1209 1882 media

97 1923 277 2007 oripiaaria
306 1932 486 1990 vocantur
518 1927 738 2008 illaquibus
769 1927 881 1990 utitur
911 1925 1035 1990 Status
1064 1926 1110 1988 ad
1141 1944 1209 1990 sua

97 2027 241 2094 dominia
274 2033 444 2114 augenda
476 2034 613 2115 absque
641 2033 836 2096 amissione
865 2032 925 2096 vel
955 2033 1206 2096 imminutione

97 2136 256 2202 territorii
274 2139 430 2202 aliorum
455 2139 633 2220 Statuum,
652 2140 737 2221 quia
761 2140 861 2203 nulla
893 2139 967 2201 alia
987 2155 1144 2220 persona
1162 2139 1209 2202 ab

97 2244 295 2324 acquirente
320 2245 492 2310 distincta
509 2246 769 2310 antecedenter
798 2245 1051 2324 interventus
1080 2248 1209 2308 contra

98 2349 201 2413 media
229 2351 425 2416 derivativa
450 2353 752 2433 cognominantur
775 2369 820 2415 ea
848 2367 942 2432 quae
970 2350 1122 2432 pacifice
1148 2351 1209 2413 vel

97 2453 264 2520 violenter
281 2457 431 2522 adhibet
455 2459 548 2522 alter
566 2458 686 2522 Status
704 2476 770 2539 pro
799 2459 872 2520 suis
893 2457 1061 2521 dominiis
1080 2457 1208 2538 ampli-

97 2558 233 2626 ficandis
251 2581 333 2628 cum
351 2565 545 2628 amissione
563 2565 624 2628 vel
648 2565 897 2628 imminutione
925 2563 1101 2627 territorii
1118 2563 1208 2625 alte·

98 2665 160 2730 rius
187 2667 323 2751 Status,
342 2671 427 2753 quia
456 2671 716 2735 antecedenter
738 2672 969 2734 intercedunt
998 2669 1095 2734 aliae
1125 2687 1208 2751 per·

96 2789 207 2839 sonae.

16 2869 17 2880 ¹
171 2883 225 2946 80.
276 2882 365 2946 Tres
382 2889 641 2948 enumerantur
660 2884 756 2947 modi
773 2884 959 2968 originarii
977 2881 1203 2965 acquirendi,

16 3053 19 3070 ,
97 3001 226 3070 nempe,
247 2991 453 3070 occupatio,
472 2991 634 3054 accessio
653 2997 761 3071 atque
780 2989 1035 3070 praescriptio,
1055 2989 1101 3051 de
1132 2989 1209 3069 qui·

16 3073 17 3114 ³
98 3091 152 3157 bus
175 3113 361 3177 perpauca
388 3096 589 3178 loquemur,
609 3098 743 3179 quippe
772 3105 911 3159 aretam
942 3097 1207 3159 connexionem

97 3195 220 3266 habent
244 3219 326 3266 cum
355 3203 544 3284 principiis
568 3221 590 3265 a
606 3203 694 3267 Jure
721 3203 882 3266 Romano
911 3202 1093 3280 etiamque
1118 3199 1207 3262 Jure

96 3303 205 3374 Patrio
224 3309 450 3391 singularum
467 3311 627 3392 gentium
646 3309 884 3372 communiter
902 3307 1060 3370 traditis

175 3418 373 3500 Occupatio.
420 3417 488 3481 Hlo
517 3416 642 3480 modus
671 3416 889 3496 originarius
919 3413 1054 3494 passim
1082 3411 1208 3474 defini·

95 3526 155 3586 tur:
176 3523 307 3588 “realis
336 3523 578 3606 apprehensio
597 3523 661 3602 rei,
682 3539 775 3603 quae
793 3520 926 3583 nullius
951 3520 1010 3597 sit,
1030 3537 1111 3582 cum
1130 3517 1208 3580 ani·

94 3643 143 3692 mo
166 3631 234 3694 sibi
252 3630 499 3712 acquirenui“;
519 3631 602 3694 hinc
620 3627 811 3711 occupatio
829 3625 1123 3690 internetionalis
1154 3641 1210 3686 re-

92 3740 142 3798 cte
158 3736 229 3802 dici
243 3737 389 3818 poterit:
411 3735 540 3800 “realis
559 3734 801 3818 apprehensio
816 3731 992 3796 territorii
1009 3732 1141 3795 nullius
1160 3747 1206 3792 ex

93 3847 188 3919 parte
206 3843 395 3907 nationum
413 3860 493 3906 cum
512 3843 631 3906 animo
650 3840 740 3905 illud
756 3840 825 3903 sibi
842 3837 1093 3920 acquirendi,.

172 3947 334 4014 Historia
351 3950 454 4014 nobis
472 3948 682 4031 suppeditat
698 3946 937 4028 complurima
955 3941 1207 4024 occupationis

93 4058 255 4138 exempla
271 4061 347 4122 tum
370 4057 529 4140 antiquis
546 4055 770 4136 temporibus
787 4059 861 4116 turn
879 4051 1076 4115 recentiori
1107 4052 1210 4111 aeta-

93 4163 135 4240 te,
153 4165 369 4245 praesertim
387 4181 475 4227 vero
493 4162 649 4226 saeculis
667 4159 731 4225 XV
751 4164 787 4223 et
802 4158 902 4240 XVI,
920 4157 1105 4240 inquibus
1126 4173 1209 4237 pro·

95 4283 135 4346 pe
145 4271 356 4334 innumerae
368 4269 537 4352 regiones
554 4286 598 4332 ac
614 4266 756 4332 insulae
768 4265 918 4347 ignotae
933 4281 998 4347 per
1010 4260 1209 4328 Lusitanos
