<?xml version="1.0" encoding="UTF-8"?>
<!DOCTYPE html PUBLIC "-//W3C//DTD XHTML 1.0 Transitional//EN"
    "http://www.w3.org/TR/xhtml1/DTD/xhtml1-transitional.dtd">
<html xmlns="http://www.w3.org/1999/xhtml" xml:lang="en" lang="en">
 <head>
  <title>
</title>
<meta http-equiv="Content-Type" content="text/html;charset=utf-8" />
  <meta name='ocr-system' content='tesseract 3.04.00' />
  <meta name='ocr-capabilities' content='ocr_page ocr_carea ocr_par ocr_line ocrx_word'/>
</head>
<body>
  <div class='ocr_page' id='page_1' title='image "./juspublicumeccl00ferngoog_0478.png"; bbox 0 0 3058 4994; ppageno 0'>
   <div class='ocr_carea' id='block_1_1' title="bbox 581 403 759 458">
    <p class='ocr_par' dir='ltr' id='par_1_1' title="bbox 581 403 759 458">
     <span class='ocr_line' id='line_1_1' title="bbox 581 403 759 458; baseline -0.006 0"><span class='ocrx_word' id='word_1_1' title='bbox 581 403 759 458; x_wconf 81' lang='lat'>-471-</span> 
     </span>
    </p>
   </div>
   <div class='ocr_carea' id='block_1_2' title="bbox 105 543 1229 842">
    <p class='ocr_par' dir='ltr' id='par_1_2' title="bbox 105 543 1229 842">
     <span class='ocr_line' id='line_1_2' title="bbox 106 543 1228 611; baseline -0.006 0"><span class='ocrx_word' id='word_1_2' title='bbox 106 548 206 611; x_wconf 84' lang='lat' dir='ltr'><strong>vitae</strong></span> <span class='ocrx_word' id='word_1_3' title='bbox 223 564 267 610; x_wconf 87' lang='lat' dir='ltr'><strong>ac</strong></span> <span class='ocrx_word' id='word_1_4' title='bbox 294 546 419 610; x_wconf 90' lang='lat' dir='ltr'><strong>mortis</strong></span> <span class='ocrx_word' id='word_1_5' title='bbox 437 547 474 609; x_wconf 91' lang='lat' dir='ltr'><strong>in</strong></span> <span class='ocrx_word' id='word_1_6' title='bbox 491 544 653 609; x_wconf 88' lang='lat' dir='ltr'><strong>subditos</strong></span> <span class='ocrx_word' id='word_1_7' title='bbox 672 543 793 608; x_wconf 87' lang='lat' dir='ltr'><strong>Status</strong></span> <span class='ocrx_word' id='word_1_8' title='bbox 810 545 947 607; x_wconf 90' lang='lat' dir='ltr'><strong>inimici</strong></span> <span class='ocrx_word' id='word_1_9' title='bbox 964 544 1228 608; x_wconf 84' lang='lat' dir='ltr'><strong>indiscrimina-</strong></span> 
     </span>
     <span class='ocr_line' id='line_1_3' title="bbox 105 650 1229 729; baseline -0.006 -12"><span class='ocrx_word' id='word_1_10' title='bbox 105 654 169 717; x_wconf 90' lang='lat' dir='ltr'><strong>tim</strong></span> <span class='ocrx_word' id='word_1_11' title='bbox 198 652 441 729; x_wconf 87' lang='lat' dir='ltr'><strong>adstruentes;</strong></span> <span class='ocrx_word' id='word_1_12' title='bbox 461 659 511 727; x_wconf 88' lang='lat' dir='ltr'><strong>at,</strong></span> <span class='ocrx_word' id='word_1_13' title='bbox 531 669 610 716; x_wconf 91' lang='lat' dir='ltr'><strong>cum</strong></span> <span class='ocrx_word' id='word_1_14' title='bbox 641 651 837 714; x_wconf 80' lang='lat' dir='ltr'>recentiori</span> <span class='ocrx_word' id='word_1_15' title='bbox 867 655 989 714; x_wconf 87' lang='lat' dir='ltr'><strong>aetate</strong></span> <span class='ocrx_word' id='word_1_16' title='bbox 1014 650 1229 714; x_wconf 80' lang='lat' dir='ltr'>humaniora</span> 
     </span>
     <span class='ocr_line' id='line_1_4' title="bbox 105 757 1228 842; baseline -0.005 -18"><span class='ocrx_word' id='word_1_17' title='bbox 105 761 287 842; x_wconf 89' lang='lat' dir='ltr'><strong>principia</strong></span> <span class='ocrx_word' id='word_1_18' title='bbox 304 767 340 823; x_wconf 90' lang='lat' dir='ltr'><strong>et</strong></span> <span class='ocrx_word' id='word_1_19' title='bbox 357 760 519 823; x_wconf 81' lang='lat' dir='ltr'>mitiores</span> <span class='ocrx_word' id='word_1_20' title='bbox 538 775 655 822; x_wconf 86' lang='lat' dir='ltr'><strong>mores</strong></span> <span class='ocrx_word' id='word_1_21' title='bbox 670 760 797 840; x_wconf 90' lang='lat' dir='ltr'><strong>vigere</strong></span> <span class='ocrx_word' id='word_1_22' title='bbox 814 757 1003 839; x_wconf 79' lang='lat' dir='ltr'><strong>coeperint</strong></span> <span class='ocrx_word' id='word_1_23' title='bbox 1020 759 1056 820; x_wconf 92' lang='lat' dir='ltr'><strong>iu</strong></span> <span class='ocrx_word' id='word_1_24' title='bbox 1074 759 1228 820; x_wconf 90' lang='lat' dir='ltr'><strong>materia</strong></span> 
     </span>
    </p>
   </div>
   <div class='ocr_carea' id='block_1_3' title="bbox 1 864 1228 1052">
    <p class='ocr_par' dir='ltr' id='par_1_3' title="bbox 1 864 1228 1052">
     <span class='ocr_line' id='line_1_5' title="bbox 1 864 1228 948; baseline -0.007 -16"><span class='ocrx_word' id='word_1_25' title='bbox 1 939 2 942; x_wconf 8' lang='grc' dir='ltr'><strong>Ἴ</strong></span> <span class='ocrx_word' id='word_1_26' title='bbox 105 868 204 947; x_wconf 91' lang='lat' dir='ltr'><strong>belli,</strong></span> <span class='ocrx_word' id='word_1_27' title='bbox 224 871 332 948; x_wconf 91' lang='lat' dir='ltr'><strong>prout</strong></span> <span class='ocrx_word' id='word_1_28' title='bbox 347 866 490 929; x_wconf 85' lang='lat' dir='ltr'><strong>ferebat</strong></span> <span class='ocrx_word' id='word_1_29' title='bbox 508 864 648 928; x_wconf 85' lang='lat' dir='ltr'>indoles</span> <span class='ocrx_word' id='word_1_30' title='bbox 665 865 851 928; x_wconf 89' lang='lat' dir='ltr'><strong>societatis</strong></span> <span class='ocrx_word' id='word_1_31' title='bbox 871 871 980 946; x_wconf 87' lang='lat' dir='ltr'><strong>atque</strong></span> <span class='ocrx_word' id='word_1_32' title='bbox 999 868 1131 926; x_wconf 82' lang='lat' dir='ltr'><strong>natura</strong></span> <span class='ocrx_word' id='word_1_33' title='bbox 1148 879 1228 944; x_wconf 92' lang='lat' dir='ltr'><strong>pro·</strong></span> 
     </span>
     <span class='ocr_line' id='line_1_6' title="bbox 1 968 1228 1052; baseline -0.005 -15"><span class='ocrx_word' id='word_1_34' title='bbox 1 1005 2 1020; x_wconf 33' lang='grc' dir='ltr'><strong>κ</strong></span> <span class='ocrx_word' id='word_1_35' title='bbox 105 973 280 1037; x_wconf 79' lang='lat' dir='ltr'><strong>rectioris</strong></span> <span class='ocrx_word' id='word_1_36' title='bbox 297 971 497 1051; x_wconf 82' lang='lat' dir='ltr'><strong>civilitatis,</strong></span> <span class='ocrx_word' id='word_1_37' title='bbox 510 972 665 1050; x_wconf 85' lang='lat' dir='ltr'><strong>juristae</strong></span> <span class='ocrx_word' id='word_1_38' title='bbox 683 971 869 1052; x_wconf 82' lang='lat' dir='ltr'><strong>praesenti</strong></span> <span class='ocrx_word' id='word_1_39' title='bbox 886 987 978 1036; x_wconf 87' lang='lat' dir='ltr'><strong>aevo</strong></span> <span class='ocrx_word' id='word_1_40' title='bbox 1004 968 1228 1051; x_wconf 86' lang='lat' dir='ltr'><strong>inquirendis</strong></span> 
     </span>
    </p>
   </div>
   <div class='ocr_carea' id='block_1_4' title="bbox 1 1073 1336 4360">
    <p class='ocr_par' dir='ltr' id='par_1_4' title="bbox 102 1073 1229 1374">
     <span class='ocr_line' id='line_1_7' title="bbox 104 1073 1228 1158; baseline -0.005 -15"><span class='ocrx_word' id='word_1_41' title='bbox 104 1097 149 1143; x_wconf 87' lang='lat' dir='ltr'><strong>ac</strong></span> <span class='ocrx_word' id='word_1_42' title='bbox 166 1077 451 1143; x_wconf 84' lang='lat' dir='ltr'><strong>determinandis</strong></span> <span class='ocrx_word' id='word_1_43' title='bbox 473 1079 614 1158; x_wconf 91' lang='lat' dir='ltr'><strong>juribus</strong></span> <span class='ocrx_word' id='word_1_44' title='bbox 633 1095 677 1140; x_wconf 89' lang='lat' dir='ltr'><strong>ao</strong></span> <span class='ocrx_word' id='word_1_45' title='bbox 704 1077 845 1154; x_wconf 86' lang='lat' dir='ltr'><strong>officiis,</strong></span> <span class='ocrx_word' id='word_1_46' title='bbox 866 1094 960 1158; x_wconf 89' lang='lat' dir='ltr'><strong>quae</strong></span> <span class='ocrx_word' id='word_1_47' title='bbox 976 1073 1137 1139; x_wconf 86' lang='lat' dir='ltr'><strong>Statibus</strong></span> <span class='ocrx_word' id='word_1_48' title='bbox 1157 1073 1228 1138; x_wconf 90' lang='lat' dir='ltr'><strong>bel-</strong></span> 
     </span>
     <span class='ocr_line' id='line_1_8' title="bbox 102 1183 1229 1266; baseline -0.003 -19"><span class='ocrx_word' id='word_1_49' title='bbox 102 1185 178 1249; x_wconf 87' lang='lat' dir='ltr'><strong>lum</strong></span> <span class='ocrx_word' id='word_1_50' title='bbox 206 1185 417 1266; x_wconf 85' lang='lat' dir='ltr'><strong>gerentibus</strong></span> <span class='ocrx_word' id='word_1_51' title='bbox 446 1195 482 1248; x_wconf 89' lang='lat' dir='ltr'><strong>et</strong></span> <span class='ocrx_word' id='word_1_52' title='bbox 511 1185 733 1248; x_wconf 83' lang='lat' dir='ltr'><strong>exercitibus</strong></span> <span class='ocrx_word' id='word_1_53' title='bbox 763 1183 989 1248; x_wconf 76' lang='lat' dir='ltr'><strong>certantibus</strong></span> <span class='ocrx_word' id='word_1_54' title='bbox 1018 1183 1229 1246; x_wconf 81' lang='lat' dir='ltr'><strong>incumbere</strong></span> 
     </span>
     <span class='ocr_line' id='line_1_9' title="bbox 102 1292 891 1374; baseline -0.005 -18"><span class='ocrx_word' id='word_1_55' title='bbox 102 1297 269 1372; x_wconf 88' lang='lat' dir='ltr'><strong>possunt,</strong></span> <span class='ocrx_word' id='word_1_56' title='bbox 289 1292 511 1374; x_wconf 85' lang='lat' dir='ltr'><strong>singularem</strong></span> <span class='ocrx_word' id='word_1_57' title='bbox 529 1307 678 1373; x_wconf 86' lang='lat' dir='ltr'><strong>operam</strong></span> <span class='ocrx_word' id='word_1_58' title='bbox 696 1295 891 1354; x_wconf 82' lang='lat' dir='ltr'><strong>naverunt.</strong></span> 
     </span>
    </p>

    <p class='ocr_par' dir='ltr' id='par_1_5' title="bbox 102 1394 1229 1692">
     <span class='ocr_line' id='line_1_10' title="bbox 193 1394 1228 1481; baseline -0.004 -20"><span class='ocrx_word' id='word_1_59' title='bbox 193 1397 287 1462; x_wconf 92' lang='lat' dir='ltr'><strong>Hinc</strong></span> <span class='ocrx_word' id='word_1_60' title='bbox 311 1399 434 1461; x_wconf 85' lang='lat' dir='ltr'><strong>tritam</strong></span> <span class='ocrx_word' id='word_1_61' title='bbox 450 1397 718 1460; x_wconf 86' lang='lat' dir='ltr'><strong>distinctionem</strong></span> <span class='ocrx_word' id='word_1_62' title='bbox 736 1398 831 1460; x_wconf 91' lang='lat' dir='ltr'><strong>iuter</strong></span> <span class='ocrx_word' id='word_1_63' title='bbox 849 1417 1022 1481; x_wconf 74' lang='lat' dir='ltr'><strong>personas</strong></span> <span class='ocrx_word' id='word_1_64' title='bbox 1039 1400 1076 1459; x_wconf 91' lang='lat' dir='ltr'><strong>et</strong></span> <span class='ocrx_word' id='word_1_65' title='bbox 1091 1416 1147 1458; x_wconf 80' lang='lat' dir='ltr'><strong>rea</strong></span> <span class='ocrx_word' id='word_1_66' title='bbox 1163 1394 1228 1458; x_wconf 88' lang='lat' dir='ltr'><strong>ini-</strong></span> 
     </span>
     <span class='ocr_line' id='line_1_11' title="bbox 102 1502 1229 1585; baseline -0.001 -18"><span class='ocrx_word' id='word_1_67' title='bbox 102 1505 279 1568; x_wconf 89' lang='lat' dir='ltr'><strong>micorum</strong></span> <span class='ocrx_word' id='word_1_68' title='bbox 305 1505 542 1568; x_wconf 89' lang='lat' dir='ltr'><strong>communiter</strong></span> <span class='ocrx_word' id='word_1_69' title='bbox 572 1510 758 1584; x_wconf 85' lang='lat' dir='ltr'><strong>receptam</strong></span> <span class='ocrx_word' id='word_1_70' title='bbox 785 1503 941 1585; x_wconf 87' lang='lat' dir='ltr'><strong>sequuti,</strong></span> <span class='ocrx_word' id='word_1_71' title='bbox 961 1503 1005 1565; x_wconf 87' lang='lat' dir='ltr'><strong>de</strong></span> <span class='ocrx_word' id='word_1_72' title='bbox 1024 1502 1166 1582; x_wconf 89' lang='lat' dir='ltr'><strong>juribus</strong></span> <span class='ocrx_word' id='word_1_73' title='bbox 1185 1517 1229 1566; x_wconf 85' lang='lat' dir='ltr'><strong>ac</strong></span> 
     </span>
     <span class='ocr_line' id='line_1_12' title="bbox 103 1607 1227 1692; baseline -0.004 -18"><span class='ocrx_word' id='word_1_74' title='bbox 103 1611 387 1692; x_wconf 87' lang='lat' dir='ltr'><strong>obligationibus</strong></span> <span class='ocrx_word' id='word_1_75' title='bbox 421 1611 717 1692; x_wconf 86' lang='lat' dir='ltr'><strong>belligerantium</strong></span> <span class='ocrx_word' id='word_1_76' title='bbox 745 1628 834 1692; x_wconf 87' lang='lat' dir='ltr'><strong>erga</strong></span> <span class='ocrx_word' id='word_1_77' title='bbox 861 1609 984 1674; x_wconf 88' lang='lat' dir='ltr'><strong>hostes</strong></span> <span class='ocrx_word' id='word_1_78' title='bbox 1012 1617 1048 1672; x_wconf 87' lang='lat' dir='ltr'><strong>et</strong></span> <span class='ocrx_word' id='word_1_79' title='bbox 1078 1625 1138 1672; x_wconf 86' lang='lat' dir='ltr'><strong>res</strong></span> <span class='ocrx_word' id='word_1_80' title='bbox 1167 1607 1227 1670; x_wconf 93' lang='lat' dir='ltr'><strong>ho-</strong></span> 
     </span>
    </p>

    <p class='ocr_par' dir='ltr' id='par_1_6' title="bbox 1 1717 1336 3914">
     <span class='ocr_line' id='line_1_13' title="bbox 102 1717 751 1798; baseline 0 -17"><span class='ocrx_word' id='word_1_81' title='bbox 102 1719 211 1781; x_wconf 89' lang='lat' dir='ltr'><strong>stium</strong></span> <span class='ocrx_word' id='word_1_82' title='bbox 229 1719 414 1782; x_wconf 89' lang='lat' dir='ltr'><strong>levissime</strong></span> <span class='ocrx_word' id='word_1_83' title='bbox 432 1717 751 1798; x_wconf 78' lang='lat' dir='ltr'><strong>pertractabimus</strong></span> 
     </span>
     <span class='ocr_line' id='line_1_14' title="bbox 1 1799 1229 1905; baseline -0.003 -16"><span class='ocrx_word' id='word_1_84' title='bbox 1 1799 2 1822; x_wconf 42' lang='lat'>¹</span> <span class='ocrx_word' id='word_1_85' title='bbox 193 1825 269 1889; x_wconf 79' lang='lat'>142.</span> <span class='ocrx_word' id='word_1_86' title='bbox 319 1822 1229 1905; x_wconf 83' lang='lat' dir='ltr'><strong>Definiendiergoprimumjuraetoiiiciarelate</strong></span> 
     </span>
     <span class='ocr_line' id='line_1_15' title="bbox 101 1929 1229 2013; baseline -0.002 -19"><span class='ocrx_word' id='word_1_87' title='bbox 101 1931 148 1994; x_wconf 90' lang='lat' dir='ltr'><strong>ad</strong></span> <span class='ocrx_word' id='word_1_88' title='bbox 166 1931 301 2012; x_wconf 89' lang='lat' dir='ltr'><strong>hostes,</strong></span> <span class='ocrx_word' id='word_1_89' title='bbox 318 1949 495 2013; x_wconf 87' lang='lat' dir='ltr'><strong>personas</strong></span> <span class='ocrx_word' id='word_1_90' title='bbox 509 1931 673 1995; x_wconf 84' lang='lat' dir='ltr'><strong>Statuum</strong></span> <span class='ocrx_word' id='word_1_91' title='bbox 687 1932 900 1994; x_wconf 87' lang='lat' dir='ltr'><strong>bellantium</strong></span> <span class='ocrx_word' id='word_1_92' title='bbox 915 1931 950 1993; x_wconf 90' lang='lat' dir='ltr'><strong>in</strong></span> <span class='ocrx_word' id='word_1_93' title='bbox 965 1931 1119 2012; x_wconf 90' lang='lat' dir='ltr'><strong>quatuor</strong></span> <span class='ocrx_word' id='word_1_94' title='bbox 1137 1929 1229 1993; x_wconf 89' lang='lat' dir='ltr'><strong>cias·</strong></span> 
     </span>
     <span class='ocr_line' id='line_1_16' title="bbox 100 2037 1229 2120; baseline -0.004 -17"><span class='ocrx_word' id='word_1_95' title='bbox 100 2057 161 2103; x_wconf 88' lang='lat' dir='ltr'><strong>ses</strong></span> <span class='ocrx_word' id='word_1_96' title='bbox 188 2039 346 2102; x_wconf 89' lang='lat' dir='ltr'><strong>tribuere</strong></span> <span class='ocrx_word' id='word_1_97' title='bbox 376 2045 533 2120; x_wconf 87' lang='lat' dir='ltr'><strong>oportet,</strong></span> <span class='ocrx_word' id='word_1_98' title='bbox 553 2038 734 2100; x_wconf 91' lang='lat' dir='ltr'><strong>nimirum:</strong></span> <span class='ocrx_word' id='word_1_99' title='bbox 754 2038 877 2100; x_wconf 87' lang='lat' dir='ltr'><strong>hostes</strong></span> <span class='ocrx_word' id='word_1_100' title='bbox 906 2039 1046 2117; x_wconf 77' lang='lat' dir='ltr'><strong>activos,</strong></span> <span class='ocrx_word' id='word_1_101' title='bbox 1065 2037 1229 2099; x_wconf 88' lang='lat' dir='ltr'><strong>inimicos</strong></span> 
     </span>
     <span class='ocr_line' id='line_1_17' title="bbox 96 2125 1336 2231; baseline -0.006 -19"><span class='ocrx_word' id='word_1_102' title='bbox 96 2149 271 2231; x_wconf 78' lang='lat' dir='ltr'><strong>passivos,</strong></span> <span class='ocrx_word' id='word_1_103' title='bbox 290 2145 524 2209; x_wconf 88' lang='lat' dir='ltr'><strong>adversarios</strong></span> <span class='ocrx_word' id='word_1_104' title='bbox 550 2145 775 2208; x_wconf 89' lang='lat' dir='ltr'><strong>neutralibus</strong></span> <span class='ocrx_word' id='word_1_105' title='bbox 805 2145 1025 2208; x_wconf 88' lang='lat' dir='ltr'><strong>assimilatos</strong></span> <span class='ocrx_word' id='word_1_106' title='bbox 1051 2143 1228 2221; x_wconf 68' lang='lat' dir='ltr'><strong>(neutrale</strong></span> <span class='ocrx_word' id='word_1_107' title='bbox 1266 2165 1270 2172; x_wconf 92' lang='lat'>·</span> <span class='ocrx_word' id='word_1_108' title='bbox 1333 2125 1336 2132; x_wconf 69' lang='grc'><strong><em>’</em></strong></span> 
     </span>
     <span class='ocr_line' id='line_1_18' title="bbox 99 2229 1229 2336; baseline -0.004 -20"><span class='ocrx_word' id='word_1_109' title='bbox 99 2253 221 2330; x_wconf 76' lang='lat' dir='ltr'><strong>zadoc)</strong></span> <span class='ocrx_word' id='word_1_110' title='bbox 240 2258 276 2314; x_wconf 91' lang='lat' dir='ltr'><strong>et</strong></span> <span class='ocrx_word' id='word_1_111' title='bbox 304 2252 405 2314; x_wconf 86' lang='lat' dir='ltr'><strong>cives</strong></span> <span class='ocrx_word' id='word_1_112' title='bbox 430 2253 598 2336; x_wconf 81' lang='lat' dir='ltr'><strong>pacificos</strong></span> <span class='ocrx_word' id='word_1_113' title='bbox 627 2268 690 2314; x_wconf 88' lang='lat' dir='ltr'><strong>seu</strong></span> <span class='ocrx_word' id='word_1_114' title='bbox 719 2229 957 2336; x_wconf 69' lang='lat' dir='ltr'><strong>inoffensiaos:</strong></span> <span class='ocrx_word' id='word_1_115' title='bbox 974 2250 1096 2312; x_wconf 91' lang='lat' dir='ltr'><strong>hostes</strong></span> <span class='ocrx_word' id='word_1_116' title='bbox 1124 2249 1229 2314; x_wconf 82' lang='lat' dir='ltr'><strong>activi</strong></span> 
     </span>
     <span class='ocr_line' id='line_1_19' title="bbox 102 2356 1227 2440; baseline -0.004 -18"><span class='ocrx_word' id='word_1_117' title='bbox 102 2359 273 2422; x_wconf 90' lang='lat' dir='ltr'><strong>dicuntur</strong></span> <span class='ocrx_word' id='word_1_118' title='bbox 299 2357 359 2440; x_wconf 91' lang='lat' dir='ltr'><strong>qui</strong></span> <span class='ocrx_word' id='word_1_119' title='bbox 385 2375 487 2420; x_wconf 87' lang='lat' dir='ltr'><strong>arma</strong></span> <span class='ocrx_word' id='word_1_120' title='bbox 505 2363 675 2439; x_wconf 85' lang='lat' dir='ltr'><strong>gerentes</strong></span> <span class='ocrx_word' id='word_1_121' title='bbox 698 2357 795 2420; x_wconf 91' lang='lat' dir='ltr'><strong>bello</strong></span> <span class='ocrx_word' id='word_1_122' title='bbox 824 2357 962 2420; x_wconf 88' lang='lat' dir='ltr'><strong>directe</strong></span> <span class='ocrx_word' id='word_1_123' title='bbox 991 2356 1227 2436; x_wconf 88' lang='lat' dir='ltr'><strong>participant,</strong></span> 
     </span>
     <span class='ocr_line' id='line_1_20' title="bbox 101 2462 1229 2545; baseline -0.003 -17"><span class='ocrx_word' id='word_1_124' title='bbox 101 2471 138 2528; x_wconf 91' lang='lat' dir='ltr'><strong>et</strong></span> <span class='ocrx_word' id='word_1_125' title='bbox 156 2464 361 2545; x_wconf 91' lang='lat' dir='ltr'><strong>hujusmodi</strong></span> <span class='ocrx_word' id='word_1_126' title='bbox 380 2474 576 2527; x_wconf 89' lang='lat' dir='ltr'><strong>censentur</strong></span> <span class='ocrx_word' id='word_1_127' title='bbox 594 2465 676 2526; x_wconf 92' lang='lat' dir='ltr'><strong>dum</strong></span> <span class='ocrx_word' id='word_1_128' title='bbox 694 2464 936 2544; x_wconf 85' lang='lat' dir='ltr'><strong>praeliantur;</strong></span> <span class='ocrx_word' id='word_1_129' title='bbox 956 2465 1089 2526; x_wconf 89' lang='lat' dir='ltr'><strong>etenim</strong></span> <span class='ocrx_word' id='word_1_130' title='bbox 1107 2462 1229 2525; x_wconf 89' lang='lat' dir='ltr'><strong>statim</strong></span> 
     </span>
     <span class='ocr_line' id='line_1_21' title="bbox 101 2566 1227 2651; baseline -0.005 -15"><span class='ocrx_word' id='word_1_131' title='bbox 101 2589 147 2636; x_wconf 88' lang='lat' dir='ltr'><strong>ac</strong></span> <span class='ocrx_word' id='word_1_132' title='bbox 175 2589 304 2634; x_wconf 89' lang='lat' dir='ltr'><strong>manus</strong></span> <span class='ocrx_word' id='word_1_133' title='bbox 321 2570 457 2635; x_wconf 89' lang='lat' dir='ltr'><strong>dedunt</strong></span> <span class='ocrx_word' id='word_1_134' title='bbox 474 2576 510 2634; x_wconf 90' lang='lat' dir='ltr'><strong>et</strong></span> <span class='ocrx_word' id='word_1_135' title='bbox 539 2589 641 2634; x_wconf 87' lang='lat' dir='ltr'><strong>arma</strong></span> <span class='ocrx_word' id='word_1_136' title='bbox 659 2569 858 2651; x_wconf 91' lang='lat' dir='ltr'><strong>deponunt,</strong></span> <span class='ocrx_word' id='word_1_137' title='bbox 878 2569 1047 2632; x_wconf 90' lang='lat' dir='ltr'><strong>desinunt</strong></span> <span class='ocrx_word' id='word_1_138' title='bbox 1071 2585 1150 2632; x_wconf 88' lang='lat' dir='ltr'><strong>esse</strong></span> <span class='ocrx_word' id='word_1_139' title='bbox 1168 2566 1227 2630; x_wconf 89' lang='lat' dir='ltr'><strong>ad·</strong></span> 
     </span>
     <span class='ocr_line' id='line_1_22' title="bbox 101 2673 1227 2762; baseline -0.005 -19"><span class='ocrx_word' id='word_1_140' title='bbox 101 2678 272 2758; x_wconf 86' lang='lat' dir='ltr'><strong>versarii;</strong></span> <span class='ocrx_word' id='word_1_141' title='bbox 299 2678 435 2742; x_wconf 90' lang='lat' dir='ltr'><strong>inimici</strong></span> <span class='ocrx_word' id='word_1_142' title='bbox 458 2679 598 2762; x_wconf 77' lang='lat' dir='ltr'><strong>passivi</strong></span> <span class='ocrx_word' id='word_1_143' title='bbox 622 2683 803 2740; x_wconf 90' lang='lat' dir='ltr'><strong>vocantur</strong></span> <span class='ocrx_word' id='word_1_144' title='bbox 832 2676 893 2758; x_wconf 91' lang='lat' dir='ltr'><strong>qui</strong></span> <span class='ocrx_word' id='word_1_145' title='bbox 923 2675 1099 2740; x_wconf 87' lang='lat' dir='ltr'><strong>exercitui</strong></span> <span class='ocrx_word' id='word_1_146' title='bbox 1129 2673 1227 2737; x_wconf 93' lang='lat' dir='ltr'><strong>dimi·</strong></span> 
     </span>
     <span class='ocr_line' id='line_1_23' title="bbox 101 2782 1226 2866; baseline -0.004 -18"><span class='ocrx_word' id='word_1_147' title='bbox 101 2785 204 2848; x_wconf 87' lang='lat' dir='ltr'><strong>canti</strong></span> <span class='ocrx_word' id='word_1_148' title='bbox 220 2785 395 2848; x_wconf 90' lang='lat' dir='ltr'><strong>auxilium</strong></span> <span class='ocrx_word' id='word_1_149' title='bbox 414 2785 631 2866; x_wconf 85' lang='lat' dir='ltr'><strong>praebentes</strong></span> <span class='ocrx_word' id='word_1_150' title='bbox 659 2783 755 2847; x_wconf 89' lang='lat' dir='ltr'><strong>bello</strong></span> <span class='ocrx_word' id='word_1_151' title='bbox 781 2782 959 2846; x_wconf 88' lang='lat' dir='ltr'><strong>indirecte</strong></span> <span class='ocrx_word' id='word_1_152' title='bbox 988 2782 1226 2864; x_wconf 87' lang='lat' dir='ltr'><strong>participant,</strong></span> 
     </span>
     <span class='ocr_line' id='line_1_24' title="bbox 101 2887 1229 2969; baseline -0.004 -15"><span class='ocrx_word' id='word_1_153' title='bbox 101 2891 220 2954; x_wconf 89' lang='lat' dir='ltr'><strong>veluti</strong></span> <span class='ocrx_word' id='word_1_154' title='bbox 251 2908 375 2954; x_wconf 90' lang='lat' dir='ltr'><strong>omnes</strong></span> <span class='ocrx_word' id='word_1_155' title='bbox 404 2892 440 2953; x_wconf 95' lang='lat' dir='ltr'><strong>in</strong></span> <span class='ocrx_word' id='word_1_156' title='bbox 470 2890 822 2954; x_wconf 87' lang='lat' dir='ltr'><strong>administrationem</strong></span> <span class='ocrx_word' id='word_1_157' title='bbox 851 2889 1044 2952; x_wconf 88' lang='lat' dir='ltr'><strong>militarem</strong></span> <span class='ocrx_word' id='word_1_158' title='bbox 1068 2887 1229 2969; x_wconf 90' lang='lat' dir='ltr'><strong>cooptati</strong></span> 
     </span>
     <span class='ocr_line' id='line_1_25' title="bbox 100 2995 1230 3078; baseline -0.002 -19"><span class='ocrx_word' id='word_1_159' title='bbox 100 2997 164 3060; x_wconf 88' lang='lat' dir='ltr'><strong>vol</strong></span> <span class='ocrx_word' id='word_1_160' title='bbox 182 2997 255 3060; x_wconf 90' lang='lat' dir='ltr'><strong>alia</strong></span> <span class='ocrx_word' id='word_1_161' title='bbox 271 2997 403 3060; x_wconf 90' lang='lat' dir='ltr'><strong>similia</strong></span> <span class='ocrx_word' id='word_1_162' title='bbox 433 2997 636 3060; x_wconf 87' lang='lat' dir='ltr'><strong>ministeria</strong></span> <span class='ocrx_word' id='word_1_163' title='bbox 652 3001 898 3078; x_wconf 87' lang='lat' dir='ltr'><strong>praestantes;</strong></span> <span class='ocrx_word' id='word_1_164' title='bbox 930 2995 1134 3059; x_wconf 87' lang='lat' dir='ltr'><strong>adversarii</strong></span> <span class='ocrx_word' id='word_1_165' title='bbox 1151 3015 1230 3058; x_wconf 81' lang='lat' dir='ltr'><strong>neu·</strong></span> 
     </span>
     <span class='ocr_line' id='line_1_26' title="bbox 101 3103 1230 3185; baseline -0.002 -18"><span class='ocrx_word' id='word_1_166' title='bbox 101 3105 260 3168; x_wconf 82' lang='lat' dir='ltr'><strong>tralizuti</strong></span> <span class='ocrx_word' id='word_1_167' title='bbox 278 3104 512 3185; x_wconf 87' lang='lat' dir='ltr'><strong>appellantur</strong></span> <span class='ocrx_word' id='word_1_168' title='bbox 541 3103 664 3185; x_wconf 89' lang='lat' dir='ltr'><strong>quiin</strong></span> <span class='ocrx_word' id='word_1_169' title='bbox 693 3104 830 3167; x_wconf 88' lang='lat' dir='ltr'><strong>actuali</strong></span> <span class='ocrx_word' id='word_1_170' title='bbox 851 3103 1019 3166; x_wconf 90' lang='lat' dir='ltr'><strong>conflictu</strong></span> <span class='ocrx_word' id='word_1_171' title='bbox 1048 3118 1230 3165; x_wconf 84' lang='lat' dir='ltr'><strong>armorum</strong></span> 
     </span>
     <span class='ocr_line' id='line_1_27' title="bbox 102 3209 1230 3288; baseline -0.004 -14"><span class='ocrx_word' id='word_1_172' title='bbox 102 3211 308 3274; x_wconf 85' lang='lat' dir='ltr'><strong>functiones</strong></span> <span class='ocrx_word' id='word_1_173' title='bbox 326 3210 590 3274; x_wconf 87' lang='lat' dir='ltr'><strong>beneficentiae</strong></span> <span class='ocrx_word' id='word_1_174' title='bbox 604 3217 645 3286; x_wconf 55' lang='lat' dir='ltr'><strong>,et</strong></span> <span class='ocrx_word' id='word_1_175' title='bbox 674 3209 911 3274; x_wconf 89' lang='lat' dir='ltr'><strong>humanitatis</strong></span> <span class='ocrx_word' id='word_1_176' title='bbox 936 3216 1121 3288; x_wconf 87' lang='lat' dir='ltr'><strong>exercent,</strong></span> <span class='ocrx_word' id='word_1_177' title='bbox 1141 3211 1230 3288; x_wconf 90' lang='lat' dir='ltr'><strong>puta</strong></span> 
     </span>
     <span class='ocr_line' id='line_1_28' title="bbox 102 3316 1228 3398; baseline -0.003 -18"><span class='ocrx_word' id='word_1_178' title='bbox 102 3317 247 3395; x_wconf 91' lang='lat' dir='ltr'><strong>medici,</strong></span> <span class='ocrx_word' id='word_1_179' title='bbox 278 3317 598 3398; x_wconf 87' lang='lat' dir='ltr'><strong>pharmacopolae,</strong></span> <span class='ocrx_word' id='word_1_180' title='bbox 629 3317 808 3380; x_wconf 87' lang='lat' dir='ltr'><strong>lecticarii</strong></span> <span class='ocrx_word' id='word_1_181' title='bbox 827 3317 1076 3396; x_wconf 88' lang='lat' dir='ltr'><strong>(camilleros),</strong></span> <span class='ocrx_word' id='word_1_182' title='bbox 1108 3316 1228 3396; x_wconf 90' lang='lat' dir='ltr'><strong>capel·</strong></span> 
     </span>
     <span class='ocr_line' id='line_1_29' title="bbox 101 3422 1231 3508; baseline -0.003 -21"><span class='ocrx_word' id='word_1_183' title='bbox 101 3424 191 3502; x_wconf 90' lang='lat' dir='ltr'><strong>lani,</strong></span> <span class='ocrx_word' id='word_1_184' title='bbox 221 3441 366 3487; x_wconf 87' lang='lat' dir='ltr'><strong>sorores</strong></span> <span class='ocrx_word' id='word_1_185' title='bbox 411 3424 614 3501; x_wconf 77' lang='lat' dir='ltr'><strong>charitatis,</strong></span> <span class='ocrx_word' id='word_1_186' title='bbox 649 3429 733 3502; x_wconf 87' lang='lat' dir='ltr'><strong>etc.;</strong></span> <span class='ocrx_word' id='word_1_187' title='bbox 764 3424 865 3486; x_wconf 86' lang='lat' dir='ltr'><strong>cives</strong></span> <span class='ocrx_word' id='word_1_188' title='bbox 888 3425 1029 3508; x_wconf 81' lang='lat' dir='ltr'><strong>pacifici</strong></span> <span class='ocrx_word' id='word_1_189' title='bbox 1057 3427 1152 3502; x_wconf 90' lang='lat' dir='ltr'><strong>sunt,</strong></span> <span class='ocrx_word' id='word_1_190' title='bbox 1179 3422 1231 3484; x_wconf 89' lang='lat' dir='ltr'><strong>uti</strong></span> 
     </span>
     <span class='ocr_line' id='line_1_30' title="bbox 101 3528 1230 3612; baseline -0.003 -19"><span class='ocrx_word' id='word_1_191' title='bbox 101 3532 221 3612; x_wconf 89' lang='lat' dir='ltr'><strong>ipsum</strong></span> <span class='ocrx_word' id='word_1_192' title='bbox 239 3549 369 3594; x_wconf 88' lang='lat' dir='ltr'><strong>nomeu</strong></span> <span class='ocrx_word' id='word_1_193' title='bbox 388 3531 568 3611; x_wconf 85' lang='lat' dir='ltr'><strong>exprimit,</strong></span> <span class='ocrx_word' id='word_1_194' title='bbox 583 3530 636 3592; x_wconf 95' lang='lat' dir='ltr'><strong>illi</strong></span> <span class='ocrx_word' id='word_1_195' title='bbox 655 3531 717 3611; x_wconf 88' lang='lat' dir='ltr'><strong>qui</strong></span> <span class='ocrx_word' id='word_1_196' title='bbox 735 3530 832 3592; x_wconf 94' lang='lat' dir='ltr'><strong>nullo</strong></span> <span class='ocrx_word' id='word_1_197' title='bbox 852 3536 961 3610; x_wconf 88' lang='lat' dir='ltr'><strong>pacto</strong></span> <span class='ocrx_word' id='word_1_198' title='bbox 975 3531 1012 3593; x_wconf 95' lang='lat' dir='ltr'><strong>in</strong></span> <span class='ocrx_word' id='word_1_199' title='bbox 1030 3528 1230 3592; x_wconf 90' lang='lat' dir='ltr'><strong>certamine</strong></span> 
     </span>
     <span class='ocr_line' id='line_1_31' title="bbox 101 3637 1229 3718; baseline -0.001 -19"><span class='ocrx_word' id='word_1_200' title='bbox 101 3638 364 3715; x_wconf 88' lang='lat' dir='ltr'><strong>interveniunt,</strong></span> <span class='ocrx_word' id='word_1_201' title='bbox 391 3645 500 3718; x_wconf 88' lang='lat' dir='ltr'><strong>atque</strong></span> <span class='ocrx_word' id='word_1_202' title='bbox 530 3638 638 3718; x_wconf 80' lang='lat' dir='ltr'><strong>Juxta</strong></span> <span class='ocrx_word' id='word_1_203' title='bbox 669 3637 848 3718; x_wconf 86' lang='lat' dir='ltr'><strong>principia</strong></span> <span class='ocrx_word' id='word_1_204' title='bbox 879 3637 978 3702; x_wconf 90' lang='lat' dir='ltr'><strong>Juris</strong></span> <span class='ocrx_word' id='word_1_205' title='bbox 1012 3637 1229 3700; x_wconf 84' lang='lat' dir='ltr'><strong>Internatio·</strong></span> 
     </span>
     <span class='ocr_line' id='line_1_32' title="bbox 102 3741 1231 3825; baseline -0.002 -17"><span class='ocrx_word' id='word_1_206' title='bbox 102 3741 198 3808; x_wconf 88' lang='lat' dir='ltr'><strong>nalis</strong></span> <span class='ocrx_word' id='word_1_207' title='bbox 227 3742 420 3806; x_wconf 91' lang='lat' dir='ltr'><strong>hodiedum</strong></span> <span class='ocrx_word' id='word_1_208' title='bbox 438 3744 596 3825; x_wconf 89' lang='lat' dir='ltr'><strong>vigentis</strong></span> <span class='ocrx_word' id='word_1_209' title='bbox 627 3744 773 3806; x_wconf 90' lang='lat' dir='ltr'><strong>minime</strong></span> <span class='ocrx_word' id='word_1_210' title='bbox 801 3748 1015 3825; x_wconf 88' lang='lat' dir='ltr'><strong>spectantur</strong></span> <span class='ocrx_word' id='word_1_211' title='bbox 1046 3750 1231 3824; x_wconf 85' lang='lat' dir='ltr'><strong>tamquam</strong></span> 
     </span>
     <span class='ocr_line' id='line_1_33' title="bbox 102 3851 239 3914; baseline -0.007 0"><span class='ocrx_word' id='word_1_212' title='bbox 102 3851 239 3914; x_wconf 89' lang='lat' dir='ltr'><strong>hostes.</strong></span> 
     </span>
    </p>

    <p class='ocr_par' dir='ltr' id='par_1_7' title="bbox 104 3957 1228 4254">
     <span class='ocr_line' id='line_1_34' title="bbox 192 3957 1228 4039; baseline 0 -19"><span class='ocrx_word' id='word_1_213' title='bbox 192 3957 258 4021; x_wconf 92' lang='lat' dir='ltr'><strong>His</strong></span> <span class='ocrx_word' id='word_1_214' title='bbox 272 3959 485 4039; x_wconf 86' lang='lat' dir='ltr'><strong>praejactis,</strong></span> <span class='ocrx_word' id='word_1_215' title='bbox 502 3975 654 4038; x_wconf 90' lang='lat' dir='ltr'><strong>pronum</strong></span> <span class='ocrx_word' id='word_1_216' title='bbox 674 3963 729 4021; x_wconf 88' lang='lat' dir='ltr'><strong>est</strong></span> <span class='ocrx_word' id='word_1_217' title='bbox 756 3959 895 4022; x_wconf 85' lang='lat' dir='ltr'><strong>inferre</strong></span> <span class='ocrx_word' id='word_1_218' title='bbox 930 3957 1228 4038; x_wconf 83' lang='lat' dir='ltr'><strong>belligerantibus</strong></span> 
     </span>
     <span class='ocr_line' id='line_1_35' title="bbox 104 4063 1227 4147; baseline -0.003 -19"><span class='ocrx_word' id='word_1_219' title='bbox 104 4065 225 4128; x_wconf 89' lang='lat' dir='ltr'><strong>inesse</strong></span> <span class='ocrx_word' id='word_1_220' title='bbox 243 4064 363 4147; x_wconf 88' lang='lat' dir='ltr'><strong>quoad</strong></span> <span class='ocrx_word' id='word_1_221' title='bbox 384 4081 560 4147; x_wconf 88' lang='lat' dir='ltr'><strong>personas</strong></span> <span class='ocrx_word' id='word_1_222' title='bbox 579 4063 647 4127; x_wconf 91' lang='lat' dir='ltr'><strong>duo</strong></span> <span class='ocrx_word' id='word_1_223' title='bbox 662 4065 748 4144; x_wconf 88' lang='lat' dir='ltr'><strong>jura</strong></span> <span class='ocrx_word' id='word_1_224' title='bbox 782 4066 964 4145; x_wconf 86' lang='lat' dir='ltr'><strong>etiamque</strong></span> <span class='ocrx_word' id='word_1_225' title='bbox 993 4064 1062 4127; x_wconf 92' lang='lat' dir='ltr'><strong>duo</strong></span> <span class='ocrx_word' id='word_1_226' title='bbox 1095 4063 1227 4141; x_wconf 71' lang='lat' dir='ltr'><strong>cilicia,</strong></span> 
     </span>
     <span class='ocr_line' id='line_1_36' title="bbox 104 4171 1225 4254; baseline -0.004 -18"><span class='ocrx_word' id='word_1_227' title='bbox 104 4189 199 4254; x_wconf 87' lang='lat' dir='ltr'><strong>quae</strong></span> <span class='ocrx_word' id='word_1_228' title='bbox 217 4179 441 4249; x_wconf 88' lang='lat' dir='ltr'><strong>memoratae</strong></span> <span class='ocrx_word' id='word_1_229' title='bbox 458 4172 731 4236; x_wconf 85' lang='lat' dir='ltr'><strong>classiiicationi</strong></span> <span class='ocrx_word' id='word_1_230' title='bbox 747 4171 967 4236; x_wconf 84' lang='lat' dir='ltr'><strong>adamussim</strong></span> <span class='ocrx_word' id='word_1_231' title='bbox 992 4171 1225 4254; x_wconf 89' lang='lat' dir='ltr'><strong>respondent.</strong></span> 
     </span>
    </p>

    <p class='ocr_par' dir='ltr' id='par_1_8' title="bbox 194 4277 1229 4360">
     <span class='ocr_line' id='line_1_37' title="bbox 194 4277 1229 4360; baseline -0.002 -19"><span class='ocrx_word' id='word_1_232' title='bbox 194 4277 245 4342; x_wconf 89' lang='lat' dir='ltr'><strong>l.⁰</strong></span> <span class='ocrx_word' id='word_1_233' title='bbox 291 4278 535 4342; x_wconf 84' lang='lat' dir='ltr'><strong>Bellatoribus</strong></span> <span class='ocrx_word' id='word_1_234' title='bbox 552 4279 729 4360; x_wconf 88' lang='lat' dir='ltr'><strong>competit</strong></span> <span class='ocrx_word' id='word_1_235' title='bbox 749 4278 870 4360; x_wconf 87' lang='lat' dir='ltr'><strong>quoad</strong></span> <span class='ocrx_word' id='word_1_236' title='bbox 886 4279 1008 4342; x_wconf 88' lang='lat' dir='ltr'><strong>hostes</strong></span> <span class='ocrx_word' id='word_1_237' title='bbox 1025 4280 1155 4343; x_wconf 81' lang='lat' dir='ltr'><strong>actious</strong></span> <span class='ocrx_word' id='word_1_238' title='bbox 1170 4279 1229 4358; x_wconf 91' lang='lat' dir='ltr'><strong>jus</strong></span> 
     </span>
    </p>
   </div>
   <div class='ocr_carea' id='block_1_5' title="bbox 0 0 1535 4994">
    <p class='ocr_par' dir='ltr' id='par_1_9' title="bbox 0 0 1535 4994">
     <span class='ocr_line' id='line_1_38' title="bbox 0 0 1535 4994; baseline 0 0"><span class='ocrx_word' id='word_1_239' title='bbox 0 0 1535 4994; x_wconf 95' lang='lat' dir='ltr'><strong> </strong></span> 
     </span>
    </p>
   </div>
  </div>
 </body>
</html>
