3062 4994
554 355 732 412 -183-

23 509 24 516 ’
99 497 224 578 mimm,
244 497 404 561 naturali
433 499 587 579 ratione,
608 501 786 580 perpetua
814 496 1004 562 Ecclesiae
1031 498 1138 580 praxi
1171 495 1208 562 'et

23 589 25 670 ἑ
99 605 235 686 perenni
254 603 449 670 traditione
466 607 576 670 totius
595 603 823 687 antiquitatis
843 604 1077 668 christianae.

171 711 286 777 Ratio.
335 711 503 776 Ecclesia
515 713 553 776 in
570 713 697 794 primis
713 712 750 776 vi
767 699 1156 792 suaespecificationis
1169 712 1206 774 in

96 833 217 898 genere
245 818 463 882 societatum
495 824 551 882 est
579 817 805 882 consociatio
838 833 1021 898 suprema,
1041 817 1207 898 perfecta

23 927 24 990 3
97 927 192 1003 atque
216 923 436 1004 inaequalis,
454 923 610 1004 ideoque
628 921 685 986 sui
713 923 806 1002 juris
835 927 872 986 et
898 922 1007 1005 plane
1033 921 1205 1003 indepen-

96 1026 171 1090 dens
187 1029 224 1092 in
247 1029 316 1092 sibi
334 1028 555 1093 consulendo
585 1033 621 1092 et
638 1035 790 1093 externo
821 1023 998 1110 regimine
1016 1027 1205 1092 moderan-

96 1133 144 1212 do;
156 1134 218 1198 sed
236 1135 431 1216 possessiO,
450 1153 535 1198 usus
553 1141 590 1200 et
605 1135 814 1200 usufructus
831 1135 1008 1198 bonorum
1026 1140 1205 1216 tempora-

23 1313 24 1316 ,
95 1239 181 1324 lium,
206 1242 243 1307 id
270 1249 337 1324 est,
365 1242 573 1306 eorumdem
602 1242 870 1307 administratio
901 1249 1011 1326 atque
1042 1243 1207 1324 erogatio

23 1331 24 1338 ἵ
96 1348 237 1412 modium
265 1349 557 1413 efficacissimum
585 1349 830 1430 existimatur,
850 1367 920 1432 quo
949 1347 1116 1413 Ecclesia
1141 1349 1206 1412 uti·

94 1461 154 1535 tur,
171 1461 209 1518 nt
224 1456 294 1519 sibi
312 1455 491 1536 consulat,
511 1461 546 1519 et
564 1455 737 1537 propriae
755 1455 985 1536 existentiae,
1006 1459 1106 1518 tutae
1124 1471 1206 1518 con-

95 1563 283 1626 servationi
308 1567 484 1645 rectoque
508 1563 626 1626 ordini
644 1563 823 1644 intendat;
844 1579 932 1644 ergo
966 1561 1082 1626 eidem
1111 1579 1205 1626 com·

94 1669 173 1748 petit
195 1669 353 1733 facultas
381 1669 509 1734 nativa
538 1675 574 1733 et
603 1669 855 1752 independens
888 1685 946 1732 res
977 1685 1063 1733 suas
1091 1668 1205 1732 libere

96 1773 372 1840 administrandi.
392 1775 534 1840 Deinde
552 1772 820 1840 administratio
852 1791 986 1852 rerum,
1012 1775 1119 1855 Juxta
1147 1774 1208 1837 tri·

23 1897 24 1932 r
96 1883 158 1944 tum
180 1884 600 1950 axioma—accessorium
627 1885 782 1968 sequitur
799 1883 1058 1967 principale—,
1078 1881 1125 1945 ad
1144 1899 1205 1946 eos

23 2055 24 2078 ἶ
95 1989 252 2068 pertinet,
273 1989 335 2072 qui
365 1990 573 2054 earumdem
589 2007 710 2054 rerum
741 1989 899 2054 dominio
924 1990 1123 2071 potiuntur;
1139 2005 1207 2068 age

23 2083 25 2100 '
93 2091 168 2177 jam,
186 2113 291 2160 nemo
320 2113 409 2161 sane
438 2097 605 2160 dubitare
635 2102 769 2179 potest,
801 2096 888 2178 quin
917 2095 1095 2172 Ecclesia,
1114 2093 1207 2157 Reli-

23 2243 24 2246 ,
95 2199 206 2278 giosae
230 2203 509 2268 Adsociationes
535 2207 572 2267 et
590 2202 689 2267 Loca
705 2203 770 2266 Pia
795 2219 941 2266 suarum
959 2219 1080 2266 rerum
1099 2200 1208 2264 domi·

95 2308 181 2372 nium
211 2309 390 2392 habeant,
425 2309 718 2392 quandoquidem
754 2309 815 2392 qui
847 2309 983 2374 eisdem
1014 2325 1081 2372 sua
1111 2308 1208 2372 bona

95 2415 322 2498 tradiderunt,
341 2417 366 2480 ii
385 2417 551 2499 proiecto
577 2417 824 2480 transferendi
849 2415 997 2480 dominii
1022 2415 1082 2496 jus
1099 2413 1207 2477 habe·

95 2519 182 2603 bant,
201 2523 363 2605 illudque
379 2524 417 2586 in
434 2539 497 2588 eos
515 2523 793 2604 transtulerunt,
814 2523 876 2606 qui
905 2520 1154 2603 acquisitionis
1172 2524 1208 2584 et
1267 2529 1270 2536 ·

95 2625 227 2693 dominii
260 2647 418 2712 capaces
452 2633 570 2710 erant;
597 2630 692 2694 unde
717 2630 843 2694 valida
875 2634 912 2693 et
944 2628 1108 2709 legitima
1140 2626 1208 2690 iuit

95 2735 288 2799 eorumdem
322 2735 499 2800 bonorum
528 2735 676 2799 traditio
707 2741 743 2800 et
771 2735 965 2818 possessio,
984 2751 1028 2798 ac
1055 2732 1207 2816 proinde

95 2837 277 2904 dominium
294 2845 331 2905 et
348 2841 554 2923 proprietas
572 2843 610 2904 in
636 2841 837 2923 Ecclesiae,
853 2841 1075 2906 Monasteria
1092 2845 1128 2904 et
1144 2840 1209 2903 Pia

95 2941 181 3010 Loca
197 2947 382 3027 transivit;
403 2964 449 3011 ex
474 2965 544 3030 quo
573 2953 674 3012 recte
692 2949 927 3031 consequitur
943 2963 1069 3012 curam
1086 2951 1123 3011 et
1145 2945 1207 3009 ad·

94 3051 385 3117 ministrationem
412 3054 591 3135 eJusmodi
616 3073 736 3119 rerum
756 3055 941 3119 mobilium
958 3054 1020 3119 vel
1047 3051 1208 3116 immobi-

94 3156 168 3223 lium
197 3161 335 3242 optimo
362 3179 406 3226 ac
438 3163 603 3245 perfeeto
629 3164 712 3244 jure
740 3162 786 3226 ad
815 3163 1002 3245 praelatas
1032 3176 1208 3243 personas

93 3263 252 3341 iuridicas
269 3275 453 3350 spectare.

169 3375 313 3440 Prusia.
362 3375 528 3439 Alterum
547 3377 801 3457 argumentum
819 3393 866 3440 ex
893 3373 1076 3439 constanti
1101 3374 1208 3455 praui

95 3473 282 3563 Ecclesiae,
300 3484 377 3544 tum
394 3480 592 3563 Moesicae,
624 3486 699 3546 tum
733 3479 975 3562 Christianae,
993 3480 1202 3544 desumitur:

96 3586 226 3668 etenim,
246 3586 275 3666 ⁸)
293 3587 331 3650 in
348 3586 431 3668 lege
448 3588 568 3652 veteri
584 3605 629 3651 ea
645 3587 754 3669 bona,
774 3605 820 3651 ex
838 3587 967 3669 quibus
993 3583 1211 3650 Sacerdotes

96 3693 125 3751 ct
147 3689 297 3757 Levitae
331 3692 518 3775 vivebant,
536 3711 679 3758 necnon
712 3692 889 3758 Civitates
922 3700 958 3758 et
991 3691 1207 3758 Suburbana

96 3793 216 3862 eisdem
234 3816 300 3881 pro
336 3799 537 3864 ministerio
571 3799 781 3882 adjudicata
811 3800 877 3863 sub
910 3799 1071 3881 ipsorum
1100 3799 1210 3881 plena

97 3900 398 3970 administratione
417 3911 454 3969 et
469 3905 650 3970 facultate
663 3906 801 3988 jugiter
818 3904 1027 3986 manebant;
1045 3902 1071 3984 b)
1089 3905 1125 3967 in
1148 3921 1210 3967 no·

94 4022 132 4071 vo
147 4011 292 4076 foedere
305 4011 536 4094 exploratum
552 4017 608 4076 est
635 4012 830 4094 Apostolos
870 4009 1049 4076 collectas
1080 4010 1213 4075 iecisse

94 4119 145 4178 aut
155 4117 343 4183 iaciendas
357 4135 515 4208 curasse,
533 4119 704 4200 ipsosque
716 4117 881 4201 pristinis
902 4117 975 4181 illis
989 4117 1212 4200 temporibus

93 4219 282 4290 oblationes
299 4223 458 4290 fidolium
474 4225 719 4305 personaliter
732 4223 975 4304 distribuiss03
996 4229 1020 4302 ⁰)
1035 4222 1209 4305 deinceps
