3062 4994
658 656 925 724 ARTICULUS
952 657 1015 724 VI.

724 850 970 918 suummnu.

287 1049 331 1101 70.
349 1045 366 1100 J
370 1062 402 1100 us
417 1047 559 1098 Ecclesiae
571 1047 665 1113 quoad
677 1045 809 1100 cadauera
824 1046 950 1098 fidelium
964 1049 1049 1112 atque
1059 1046 1219 1110 religiosam
1228 1043 1416 1112 sepultrsram.

361 1119 438 1170 -71,
458 1118 557 1170 Houor
568 1123 597 1171 st
610 1119 768 1170 reverentia
779 1133 845 1184 erga
855 1117 1054 1170 detunctorum
1066 1116 1272 1184 corpora-'la
1293 1119 1338 1168 An
1349 1119 1419 1170 loca

360 1189 390 1240 in
403 1187 507 1256 quibus
521 1189 591 1242 haec
603 1191 784 1256 requiescunt
797 1189 855 1242 siut
868 1189 1087 1256 religiosa-78.
1108 1188 1190 1240 Ratio
1202 1187 1305 1252 agendi
1317 1189 1418 1242 Eccle-

360 1259 420 1312 siae
440 1261 523 1326 juxta
536 1257 663 1313 diversas
676 1263 840 1326 sepulturae
859 1259 1031 1312 christianae
1053 1259 1265 1326 epochas—ll.
1284 1258 1362 1320 Quid
1375 1260 1419 1313 de

360 1331 499 1397 sepulcris
520 1333 550 1382 in
571 1331 642 1398 ipsis
665 1332 799 1384 Ecclesiis
822 1331 997 1384 censendum
1020 1329 1147 1383 sit-m.
1167 1329 1269 1382 Modus
1291 1331 1418 1384 curandi

360 1402 587 1456 cadavera-76.
606 1399 740 1456 Humatio
753 1409 782 1454 et
803 1399 940 1454 &emutio
953 1402 1087 1454 historice
1104 1401 1339 1468 spectatae-77.
1360 1401 1418 1456 Ra·

361 1473 454 1526 tiones
467 1489 516 1538 pro
529 1473 702 1526 crematione
715 1473 854 1526 adductae
867 1473 1073 1540 expendantur.
1083 1472 1153 1525 -ta
1174 1469 1257 1524 Ritus
1271 1471 1418 1526 humatio

361 1545 407 1597 nis
431 1545 508 1610 apud
532 1545 703 1597 christianos
730 1545 854 1596 usitatus
880 1543 1127 1598 vindicatus-lit.
1156 1543 1258 1595 Utrum
1282 1545 1420 1597 Ecclesia

361 1615 558 1738 obtekmperare
569 1621 713 1670 teneretur
726 1615 837 1682 legibus
850 1615 991 1683 civilibus,
1004 1613 1157 1682 siquando
1178 1613 1314 1668 crematio
1334 1629 1420 1682 prae-

362 1687 417 1738 scri
440 1693 543 1738 eretur.

381 1843 435 1908 70.
483 1845 553 1910 Pro
578 1847 811 1912 recensendis
828 1851 938 1927 atque
956 1843 1185 1910 vindicandis
1203 1847 1420 1929 praecipuis

287 1951 443 2033 juribus,
470 1969 563 2033 quae
591 1955 763 2035 potestati
792 1954 943 2019 directae
972 1953 1160 2018 Ecclesiae
1188 1959 1419 2036 competunt,

291 2056 471 2140 agendum
489 2058 592 2123 uobis
621 2065 788 2142 superest
805 2058 849 2124 de
866 2067 972 2124 morte
990 2059 1192 2141 christiana,
1211 2059 1292 2142 piae
1311 2059 1421 2124 vitae

291 2165 603 2229 consummatione
617 2183 660 2230 ao
677 2173 860 2248 postremo
876 2167 992 2230 medio
1006 2183 1097 2248 opus
1113 2167 1421 2232 sanctificationis

291 2271 330 2336 in
347 2273 519 2354 religiosa
535 2273 710 2336 societate
728 2273 941 2355 coronandi;
960 2273 1115 2355 ideoque
1131 2273 1175 2338 de
1189 2274 1273 2355 jure
1289 2273 1421 2338 Eccle-

291 2378 370 2442 siae
388 2377 508 2460 quoad
536 2379 705 2442 mortalia
733 2378 878 2444 residua
908 2379 1188 2445 christianorum
1205 2385 1314 2462 atque
1332 2379 1422 2444 reli·
1491 2377 1521 2418 '³

293 2485 432 2565 giosam
450 2485 686 2566 sepulturam.

383 2589 438 2654 Ad
465 2591 559 2655 hauc
588 2591 873 2673 disquisitionem
889 2593 996 2674 juxta
1025 2597 1187 2658 nostrum
1217 2609 1353 2656 morem
1372 2609 1423 2656 ae

293 2713 443 2778 scopum
468 2697 638 2761 claritate
665 2703 701 2761 et
718 2697 844 2762 ordine
862 2698 1138 2780 absolvendam,
1157 2697 1295 2782 aliquid
1322 2715 1423 2762 sum-

294 2801 362 2866 mia
390 2801 495 2866 labiis
520 2802 760 2868 delibabimus
785 2804 829 2867 de
856 2805 982 2870 honore
1011 2805 1131 2871 debito
1163 2805 1424 2872 defunctorum

293 2908 520 2990 corporibus,
539 2909 600 2990 qui
629 2909 687 2991 pie
716 2911 896 2992 obierunt,
915 2911 960 2975 de
988 2913 1073 2976 locis
1101 2912 1138 2976 in
1166 2912 1294 2994 quibus
1323 2911 1424 2976 haec
1519 2943 1520 2953 κ

294 3015 539 3096 requiescunt,
555 3014 599 3079 de
611 3015 758 3082 historin
773 3016 995 3081 christianae
1008 3019 1230 3099 sepulturae,
1245 3015 1290 3081 de
1303 3019 1421 3101 aepul-

294 3123 366 3185 cria
393 3121 429 3184 iu
458 3119 631 3186 Ecclesiis
659 3127 769 3204 atque
798 3122 842 3186 de
870 3124 969 3190 medo
998 3123 1150 3188 curandi
1181 3123 1341 3188 fidelium
1359 3141 1423 3188 ca-

294 3227 446 3292 devera.

385 3337 439 3402 71.
489 3334 651 3420 Corpora
679 3335 930 3400 defunctorum
958 3342 1058 3401 recte
1086 3337 1247 3419 spectari
1264 3339 1423 3419 possunt
1518 3375 1519 3428 3

295 3447 480 3526 tamquam
506 3443 707 3525 depositum
736 3443 1032 3524 generationibus
1061 3443 1318 3525 superstitibus
1336 3442 1424 3505 reli·
1518 3429 1519 3441 ’

295 3555 406 3630 ctum,
435 3567 631 3632 earumque
664 3549 828 3630 diligenti
861 3547 1048 3614 custodiae
1081 3549 1323 3628 commissum;
1355 3547 1425 3612 sed

295 3655 473 3737 ejusmodi
488 3655 689 3736 depositum
708 3661 858 3738 propter
876 3655 1073 3737 specialem
1098 3656 1154 3720 sui
1171 3659 1341 3720 naturam
1358 3655 1424 3718 tri·

296 3763 428 3845 plicem
447 3761 697 3826 characterem
710 3761 837 3842 induit,
854 3761 891 3825 in
905 3779 975 3844 quo
989 3760 1157 3844 equidem
1171 3761 1242 3825 sita
1256 3766 1311 3825 est
1324 3761 1423 3824 ratio
1517 3787 1518 3860 q

296 3867 503 3951 adaequata
532 3867 678 3932 honoris
707 3874 816 3950 atque
834 3869 1066 3933 reverentiae
1084 3867 1327 3934 cadaveribus
1359 3867 1424 3932 tri·
1517 3869 1518 3896 ¹

299 3975 632 4040 buendae21.⁰hoe
657 3974 860 4056 depositum
885 3979 940 4038 est
969 3975 1314 4056 commemoraturum,
1334 3975 1423 4058 quia

296 4080 468 4144 sublimes
486 4099 612 4146 seusus
628 4081 665 4145 iu
694 4080 804 4146 corde
833 4081 983 4162 excitat,
1003 4098 1154 4164 magnas
1178 4081 1424 4162 cogitationes

298 4186 335 4250 in
353 4188 564 4252 memoriam
587 4194 752 4269 revocat,
773 4191 1003 4269 mentemque
1019 4185 1057 4250 in
1074 4187 1426 4270 contemplationem
1516 4175 1517 4224 ἶ
