3058 4994
803 391 982 448 ..442-

328 533 513 598 bilaterali
530 533 639 598 etiam
652 533 830 615 consistit,
848 553 919 616 quo
931 533 1053 600 Status
1071 535 1131 600 vel
1148 531 1303 616 quilibet
1334 535 1456 616 priva·

330 644 389 704 tus
405 640 580 704 territorii
598 643 661 703 aut
677 640 731 706 rei
748 639 986 722 pro-indiviso
1001 658 1192 724 possessae
1205 657 1334 704 curam
1347 641 1456 722 gerit;

329 746 400 810 hoo
416 746 540 812 evenit
557 745 654 828 apud
672 746 838 828 privatos
865 765 946 812 oum
963 747 1127 812 debonis
1152 747 1313 812 nondum
1332 745 1458 810 divisis

330 853 464 934 agitur,
481 858 590 936 atque
605 853 689 916 olim
704 852 799 936 apud
813 854 979 918 nationes
993 853 1239 936 contingebat,
1249 853 1401 936 qnando
1414 853 1459 916 ob

332 975 558 1024 communem
577 960 884 1041 expugnationem
899 959 956 1024 vel
973 959 1214 1026 detectionem
1225 959 1458 1024 administra·

332 1065 383 1129 tio
400 1065 602 1130 materialis
620 1071 657 1129 ct
674 1067 907 1130 oeconomice
919 1066 1074 1147 aliquus
1091 1066 1266 1130 territorii
1280 1066 1367 1148 pari
1378 1067 1459 1147 jure

332 1171 504 1254 acquisiti
522 1172 700 1253 peculiari
716 1171 833 1237 Statui
850 1173 1155 1254 committebatur;
1175 1173 1358 1253 ejusmodi
1375 1191 1457 1255 qus·

332 1279 602 1360 sicontractus,
622 1285 660 1342 ut
677 1279 807 1360 cuique
820 1283 934 1361 patet,
953 1281 1033 1344 sive
1045 1279 1365 1344 administrantem
1382 1281 1458 1344 sive

333 1385 620 1450 committentem
638 1387 828 1468 reciproce
846 1386 995 1468 obliget,
1016 1387 1150 1468 quippe
1181 1385 1244 1450 ille
1269 1387 1394 1452 officio
1412 1393 1457 1450 te-

334 1498 440 1555 netur
459 1509 535 1556 rem
549 1509 613 1556 seu
638 1493 735 1556 bona
752 1499 851 1556 recte
880 1493 1044 1572 curandi,
1064 1493 1122 1556 hic
1139 1509 1228 1558 vero
1257 1493 1308 1557 ad
1337 1511 1458 1558 curam

332 1598 475 1680 gerenti
493 1598 766 1664 retribuendum
779 1603 815 1662 et
827 1599 1098 1664 resarciendum
1112 1600 1302 1681 aequitate
1314 1604 1459 1664 notura-

332 1705 359 1768 li
372 1702 543 1786 adigitur.

424 1811 598 1902 §eeteros
634 1813 970 1894 quasi-contractus
1005 1814 1346 1896 praetermittimus,
1381 1815 1461 1896 quia

333 1917 526 1982 hodiedum
555 1919 635 1982 Juri
668 1919 950 1984 Internationali
974 1919 1037 1984 vix
1066 1927 1129 1984 aut
1153 1937 1199 1984 ne
1223 1922 1289 1986 vix
1318 1921 1456 2004 quidem

334 2026 455 2106 aptari
480 2033 641 2107 possent:
662 2043 796 2107 exque
823 2027 919 2091 enim
945 2043 1096 2107 prorsus
1124 2027 1314 2092 desierunt
1331 2028 1455 2092 cessio-

335 2149 413 2212 nes,
432 2133 648 2198 donationes
667 2133 727 2196 vel
744 2133 941 2196 divisiones
967 2133 1207 2198 territoriales
1224 2134 1271 2197 ab
1300 2133 1455 2214 antiquis

334 2238 542 2304 Monarchis
571 2241 705 2320 factae,
732 2257 1062 2320 supervacaneum,
1089 2241 1196 2306 immo
1222 2255 1313 2304 vero
1338 2242 1451 2304 irriso-

336 2346 428 2410 rium
446 2349 543 2410 esset
560 2346 660 2427 loqui
679 2345 776 2426 apud
793 2344 914 2410 Status
943 2345 1111 2427 politicos
1139 2345 1183 2410 de
1200 2347 1451 2428 procuratione

336 2453 474 2516 tutelae
507 2453 663 2531 alienae,
691 2452 734 2516 de
764 2453 1020 2534 acceptatione
1048 2453 1299 2534 haereditatis,
1327 2455 1387 2518 vel
1412 2452 1451 2516 de

335 2558 496 2639 ejusdem
516 2559 841 2624 administratione.

426 2666 501 2728 108.
550 2665 651 2730 Inter
684 2665 803 2728 fontes
833 2665 1094 2748 obligationum
1122 2667 1450 2733 internatioualiuru

336 2777 518 2851 postremo
550 2772 631 2837 loco
665 2771 901 2836 memoranda
929 2773 1083 2837 veniunt
1111 2774 1210 2838 lacta
1236 2775 1368 2840 illicita
1394 2791 1450 2837 seu

336 2877 499 2940 actiones
518 2879 739 2958 criminales,
757 2879 823 2943 sub
849 2897 921 2961 qua
938 2879 1233 2946 denominatione
1251 2883 1448 2965 intelligun-

336 2989 394 3046 tur
423 2983 639 3066 quicumque
657 2991 760 3049 actus
786 2985 1039 3066 offensionem,
1059 2971 1229 3067 injuriam
1247 2995 1314 3052 aut
1329 2988 1447 3054 laesio·

335 3107 418 3154 nem
449 3091 584 3154 exteris
602 3092 769 3172 gentibus
797 3091 1009 3172 inferentem
1030 3097 1067 3156 et
1095 3110 1196 3174 sane,
1215 3095 1311 3158 sicut
1338 3096 1374 3159 in
1399 3111 1447 3156 so-

336 3197 469 3260 cietate
503 3198 604 3262 civili
639 3199 815 3262 obvenire
844 3206 964 3280 potest
994 3201 1219 3280 perturbatio
1247 3202 1367 3266 civilis
1394 3196 1446 3262 vel

336 3303 548 3384 criminalis,
565 3309 672 3386 prout
685 3323 731 3368 ex
748 3321 873 3368 errore
887 3313 948 3368 aut
960 3306 1174 3386 ignorantia
1190 3307 1370 3372 inficietur
1382 3307 1444 3386 jnr,

336 3410 396 3474 vel
415 3411 524 3491 plena
543 3411 806 3476 deliberatione
823 3417 932 3494 atque
947 3429 1065 3492 prava
1083 3413 1283 3477 intentione
1301 3414 1446 3478 violetur

338 3517 427 3580 ordo
444 3519 634 3602 juridicus
654 3521 706 3582 ita
730 3520 839 3582 etiam
856 3519 892 3582 in
910 3519 1087 3583 societate
1103 3521 1377 3585 internetionali
1393 3517 1444 3581 du·

336 3623 423 3703 plex
442 3625 668 3703 perturbatio
687 3625 836 3688 evenire
854 3625 967 3706 valet,
986 3625 1212 3707 civiliacum
1231 3625 1374 3691 dubium
1391 3624 1443 3688 ali·

337 3729 550 3810 quodcirca
570 3732 655 3810 jura
677 3731 841 3796 Statuum
858 3733 1024 3813 emergit,
1043 3750 1090 3797 ex
1120 3751 1189 3814 quo
1209 3733 1444 3816 utplurimum

338 3837 591 3900 contentiones
616 3837 778 3900 oriantur
795 3855 860 3918 per
877 3837 996 3902 media
1013 3855 1125 3919 penes
1154 3845 1281 3920 gentes
1308 3843 1444 3918 recepte

339 3941 578 4022 dirimendae;
598 3951 707 4024 atque
724 3943 927 4024 criminalia,
946 3945 1086 4026 quoties
1115 3945 1199 4026 jura
1230 3953 1442 4011 caeterarum

340 4051 539 4130 nationum,
569 4068 641 4114 uon
675 4051 797 4132 utique
830 4051 874 4114 ob
902 4051 1140 4116 nescientiam
1169 4058 1234 4118 aut
1267 4063 1441 4118 erroneam

340 4155 693 4236 interpretationem,
712 4157 749 4219 iu
767 4157 912 4220 dubium
930 4163 1121 4239 vocantur,
1137 4157 1202 4224 sed
1219 4159 1343 4242 iniqua
1359 4170 1439 4222 men·

341 4265 378 4325 te
396 4269 432 4324 et
455 4259 677 4344 nequissima
691 4263 890 4328 intentione
908 4263 1045 4329 directe
1062 4265 1286 4348 impetuntur
1303 4275 1339 4331 et
1352 4275 1440 4345 aper·
