3038 4994
1509 237 1510 282 l

1509 285 1510 324 l

793 405 828 418 ..
851 373 910 432 ne
933 405 972 420 -

223 511 225 514 ’
321 515 548 597 Pontificum,
564 515 728 598 exceptis
746 515 885 581 dnobus
905 514 1098 598 postremis
1115 515 1273 596 casibus,
1290 515 1454 580 fideliter
1509 501 1510 592 i

321 639 402 687 esse
419 621 673 704 adimpletam,
692 621 847 704 ideoque
865 621 1121 705 gravissimam
1142 621 1367 704 punitionem
1384 621 1450 686 Re·
1509 623 1510 708 l

320 727 425 810 gibus
443 727 503 792 vel
521 726 706 809 Supremis
740 729 928 792 societatis
957 726 1076 792 civilis
1104 725 1397 792 Moderatoribus
1430 745 1453 790 a

319 833 360 897 B.
375 833 473 898 Petri
488 833 768 898 Successoribus
799 834 974 899 inflictam
994 833 1130 916 septies
1147 837 1314 898 exactam
1332 833 1452 915 appli·

320 941 501 1005 ostionem
515 945 552 1004 et
564 939 761 1022 positivum
781 940 953 1004 effectum
968 941 1135 1004 sortitam
1152 955 1245 1004 esse.

410 1047 452 1110 In
486 1046 711 1129 exponendis
728 1047 932 1128 huJusmodi
948 1047 1055 1112 iactis
1071 1047 1282 1130 discrepant
1297 1046 1397 1110 inter
1412 1061 1453 1110 se
1509 1073 1510 1108 3

319 1154 482 1218 historici
508 1155 734 1236 acjuristae,
750 1155 860 1235 juxta
878 1155 1026 1218 diversa
1056 1153 1203 1218 scholae
1221 1152 1452 1236 praejudicia
1509 1155 1510 1230 j

320 1268 357 1324 et
384 1261 628 1340 subjectivum
647 1267 837 1324 auctorum
862 1261 1061 1324 criterium.
1096 1259 1231 1324 Hostes
1257 1258 1451 1324 Ecclesiae

320 1384 383 1432 ore
401 1367 524 1450 pleno,
545 1366 722 1430 adversus
736 1366 978 1430 Romanorum
996 1365 1212 1430 Pontificum
1240 1366 1376 1448 agendi
1394 1384 1446 1431 ra·
1509 1385 1510 1446 3

318 1473 453 1536 tionem
487 1473 721 1536 conclamare
751 1473 883 1551 solent,
905 1472 1019 1536 veluti
1056 1486 1226 1554 magnum
1253 1473 1451 1554 potestatis
1509 1461 1510 1516 i

318 1577 507 1643 Ecclesiae
537 1579 701 1660 abusum;
731 1580 896 1643 nonnulli
914 1578 1130 1644 dissidentes
1163 1585 1200 1642 et
1235 1579 1448 1666 acatholici,

319 1689 535 1770 praesertim
564 1705 609 1751 ex
628 1688 892 1752 recentioribus
911 1687 1214 1768 Protestantibus,
1234 1687 1451 1752 sinceritate

319 1793 416 1857 ducti
436 1799 471 1857 et
489 1795 696 1858 testimonio
715 1795 888 1858 historico
921 1794 1076 1876 suffulti,
1094 1795 1250 1876 ingenue
1281 1794 1451 1859 fatentur

318 1901 677 1966 etinterventionem
703 1901 930 1966 Pontificinm
954 1902 993 1965 in
1018 1901 1196 1984 praefatis
1224 1901 1446 1984 quaestioni·

317 2007 384 2070 bus
401 2007 501 2070 circa
516 2007 737 2090 punitionem
755 2006 961 2088 Principum
982 2007 1217 2072 versantibus
1249 2008 1363 2072 fuisse
1393 2027 1446 2072 aa·

316 2113 488 2193 lutarem,
510 2119 547 2176 et
578 2113 823 2195 depositiones
851 2113 987 2196 Regum
1001 2115 1119 2196 justas
1136 2119 1246 2196 atque
1262 2113 1449 2195 legitimas
1509 2101 1510 2190 i

317 2237 399 2284 esse
413 2219 616 2300 habendas,
637 2225 761 2302 utpote
770 2219 845 2300 juri
862 2221 1007 2302 publico
1026 2227 1112 2284 tunc
1129 2220 1301 2302 temporis
1319 2219 1445 2303 vigen·
1509 2215 1510 2290 i

318 2325 345 2390 ti
360 2327 467 2408 plene
481 2343 675 2407 consonas;
694 2327 789 2390 inter
806 2327 905 2408 ipsos
930 2326 1131 2392 catholicos
1150 2344 1222 2390 nou
1250 2325 1451 2392 defuerunt

317 2449 435 2514 neque
453 2432 582 2496 desunt
598 2432 711 2514 aliqui
728 2433 927 2514 scriptores
941 2432 986 2497 de
1003 2433 1077 2496 hac.
1091 2432 1284 2496 salebrosa
1301 2439 1446 2498 contro·
1509 2469 1510 2504 l

316 2539 439 2601 versia
457 2539 572 2601 minus
597 2547 698 2602 recte
716 2539 927 2620 sentientes,
947 2555 1106 2621 suasque
1123 2537 1288 2620 privatas
1307 2540 1448 2621 opinio·

317 2661 381 2706 nes
400 2644 557 2724 quadam
576 2645 774 2708 temeraria
799 2644 1047 2726 imprudentia
1072 2647 1135 2708 aut
1150 2645 1385 2726 reprobanda
1398 2647 1446 2709 le·

316 2749 446 2832 vitate,
482 2751 544 2815 vel
577 2750 708 2814 saltem
738 2752 875 2833 absque
920 2751 1043 2816 debita
1075 2767 1164 2832 erga
1195 2751 1447 2832 Apostolicsm
1509 2733 1510 2790 l

316 2854 444 2919 Sedem
459 2857 668 2921 reverentia
685 2856 807 2939 palam
826 2857 1053 2939 profitentes;
1073 2857 1242 2939 plerique
1255 2873 1346 2922 vero
1360 2876 1445 2940 apo·
1509 2851 1510 2928 ἶ

316 2961 471 3043 legistae
498 2979 543 3026 ac
554 2963 758 3045 jurisperiti
786 2963 969 3044 catholici,
989 2981 1142 3046 quorum
1177 2964 1390 3028 sententiae
1407 2965 1444 3028 li·
1509 2973 1510 3050 ᾗ

315 3068 416 3132 benti
435 3069 555 3133 animo
573 3075 610 3132 et
629 3069 741 3151 plena
758 3071 991 3134 convictione
1013 3071 1244 3152 assentimur,
1263 3071 1445 3136 validissi-
1509 3105 1510 3142 ς

316 3175 382 3238 mis
402 3176 641 3257 argumentis,
661 3179 735 3239 tum
753 3175 948 3256 historicis,
970 3179 1045 3240 tum
1065 3175 1245 3258 juridicis,
1264 3177 1381 3241 innixi
1409 3181 1449 3240 et

315 3297 464 3345 causam
482 3281 716 3346 Pontificatus
732 3283 893 3347 viriliter
910 3288 1074 3364 agentes,
1092 3277 1286 3347 Pontifices
1303 3283 1447 3348 mediae

315 3388 448 3450 aetatis
469 3397 617 3452 strenue
655 3393 814 3467 tuentur,
850 3391 1086 3470 cosaprope'
1115 3388 1314 3454 innumeris
1348 3391 1445 3454 calu·
1509 3379 1510 3414 r

314 3493 420 3556 mniis
437 3493 643 3576 ineptisque
661 3494 958 3557 accusationibus
985 3492 1219 3558 vindicando.
1509 3481 1510 3506 ³

403 3598 476 3663 Nos
504 3601 614 3681 igitur
631 3598 726 3664 hauc
743 3600 1005 3682 gravissimam
1035 3599 1298 3666 discussionem
1315 3619 1445 3684 aggre·

315 3702 432 3768 dimur
459 3705 602 3770 sincero
619 3707 787 3771 veritatis
817 3723 945 3770 amore
973 3711 1012 3770 et
1028 3717 1129 3772 recto
1153 3707 1319 3790 justitiae
1335 3725 1446 3774 sensu
1509 3723 1510 3782 l

314 3815 456 3875 tantum
488 3813 656 3894 permoti,
691 3812 847 3894 ideoque
865 3813 1090 3878 affirmamus
1124 3818 1161 3878 et
1191 3814 1448 3880 contendimus
1509 3837 1510 3910 ᾗ

314 3915 495 3981 Romanos
520 3917 727 3998 Pontifices,
747 3935 828 3982 cum
848 3917 965 3983 medio
995 3937 1089 3984 aevo
1118 3919 1365 4002 Imperatores
1383 3921 1445 3986 vel
1509 3923 1510 3992 l

314 4022 430 4105 Reges
443 4025 550 4105 justis
568 4025 612 4090 de
640 4025 761 4090 causis
786 4042 806 4089 e
823 4025 914 4088 solio
934 4023 1189 4108 deturbarunt,
1209 4025 1344 4108 optimo
1357 4025 1447 4106 jnre

313 4132 351 4189 et
374 4127 537 4210 legitima
553 4129 729 4194 facultate
747 4147 830 4194 usos
848 4131 959 4195 luisse
988 4131 1025 4195 in
1043 4129 1234 4196 Ecclesiae
1262 4131 1442 4197 detensio-

257 4255 260 4262 ·
312 4249 409 4315 nem,
428 4235 645 4317 populorum
674 4236 820 4319 bonum,
839 4240 876 4302 et
904 4237 1023 4304 civilis
1053 4239 1240 4304 societatis
1256 4237 1445 4305 munimen
1509 4229 1510 4284 l

311 4341 423 4422 atque
440 4339 604 4406 tutelam.
