<?xml version="1.0" encoding="UTF-8"?>
<!DOCTYPE html PUBLIC "-//W3C//DTD XHTML 1.0 Transitional//EN"
    "http://www.w3.org/TR/xhtml1/DTD/xhtml1-transitional.dtd">
<html xmlns="http://www.w3.org/1999/xhtml" xml:lang="en" lang="en">
 <head>
  <title>
</title>
<meta http-equiv="Content-Type" content="text/html;charset=utf-8" />
  <meta name='ocr-system' content='tesseract 3.04.00' />
  <meta name='ocr-capabilities' content='ocr_page ocr_carea ocr_par ocr_line ocrx_word'/>
</head>
<body>
  <div class='ocr_page' id='page_1' title='image "./juspublicumeccl00ferngoog_0252.png"; bbox 0 0 3038 4994; ppageno 0'>
   <div class='ocr_carea' id='block_1_1' title="bbox 560 359 743 418">
    <p class='ocr_par' dir='ltr' id='par_1_1' title="bbox 560 359 743 418">
     <span class='ocr_line' id='line_1_1' title="bbox 560 359 743 418; baseline 0.016 -2"><span class='ocrx_word' id='word_1_1' title='bbox 560 359 682 418; x_wconf 81' lang='lat'>-247</span> <span class='ocrx_word' id='word_1_2' title='bbox 704 393 743 404; x_wconf 97' lang='lat'><em>-</em></span> 
     </span>
    </p>
   </div>
   <div class='ocr_carea' id='block_1_2' title="bbox 104 491 1484 719">
    <p class='ocr_par' dir='ltr' id='par_1_2' title="bbox 104 491 1484 719">
     <span class='ocr_line' id='line_1_2' title="bbox 105 491 1484 595; baseline 0.008 -33"><span class='ocrx_word' id='word_1_3' title='bbox 105 503 134 562; x_wconf 88' lang='lat' dir='ltr'><strong>te</strong></span> <span class='ocrx_word' id='word_1_4' title='bbox 161 501 254 582; x_wconf 86' lang='lat' dir='ltr'><strong>apud</strong></span> <span class='ocrx_word' id='word_1_5' title='bbox 283 501 501 567; x_wconf 88' lang='lat' dir='ltr'><strong>christianas</strong></span> <span class='ocrx_word' id='word_1_6' title='bbox 535 508 663 584; x_wconf 83' lang='lat' dir='ltr'><strong>gentes</strong></span> <span class='ocrx_word' id='word_1_7' title='bbox 695 503 890 583; x_wconf 82' lang='lat' dir='ltr'><strong>muniatur3</strong></span> <span class='ocrx_word' id='word_1_8' title='bbox 921 503 1088 584; x_wconf 87' lang='lat' dir='ltr'><strong>quamvis</strong></span> <span class='ocrx_word' id='word_1_9' title='bbox 1118 497 1219 568; x_wconf 78' lang='lat' dir='ltr'><strong>enim³</strong></span> <span class='ocrx_word' id='word_1_10' title='bbox 1264 491 1276 582; x_wconf 54' lang='lat' dir='ltr'><strong>&#39;J</strong></span> <span class='ocrx_word' id='word_1_11' title='bbox 1334 491 1484 595; x_wconf 33' lang='lat' dir='ltr'><strong>swa</strong></span> 
     </span>
     <span class='ocr_line' id='line_1_3' title="bbox 104 606 1484 719; baseline 0.006 -50"><span class='ocrx_word' id='word_1_12' title='bbox 104 608 238 671; x_wconf 84' lang='lat' dir='ltr'><strong>sectarii</strong></span> <span class='ocrx_word' id='word_1_13' title='bbox 267 613 377 691; x_wconf 88' lang='lat' dir='ltr'><strong>atque</strong></span> <span class='ocrx_word' id='word_1_14' title='bbox 402 609 683 691; x_wconf 83' lang='lat' dir='ltr'><strong>pseudopoIItioi</strong></span> <span class='ocrx_word' id='word_1_15' title='bbox 711 627 777 692; x_wconf 91' lang='lat' dir='ltr'><strong>pro</strong></span> <span class='ocrx_word' id='word_1_16' title='bbox 805 628 901 676; x_wconf 84' lang='lat' dir='ltr'><strong>novo</strong></span> <span class='ocrx_word' id='word_1_17' title='bbox 931 611 1054 691; x_wconf 89' lang='lat' dir='ltr'><strong>Regno</strong></span> <span class='ocrx_word' id='word_1_18' title='bbox 1083 610 1218 674; x_wconf 88' lang='lat' dir='ltr'><strong>Italico</strong></span> <span class='ocrx_word' id='word_1_19' title='bbox 1375 605 1484 719; x_wconf 48' lang='grc' dir='ltr'>ἶ</span> 
     </span>
    </p>
   </div>
   <div class='ocr_carea' id='block_1_3' title="bbox 104 713 1215 797">
    <p class='ocr_par' dir='ltr' id='par_1_3' title="bbox 104 713 1215 797">
     <span class='ocr_line' id='line_1_4' title="bbox 104 713 1215 797; baseline 0.006 -24"><span class='ocrx_word' id='word_1_20' title='bbox 104 713 312 779; x_wconf 87' lang='lat' dir='ltr'><strong>vindicando</strong></span> <span class='ocrx_word' id='word_1_21' title='bbox 330 717 464 797; x_wconf 88' lang='lat' dir='ltr'><strong>passim</strong></span> <span class='ocrx_word' id='word_1_22' title='bbox 484 723 650 781; x_wconf 78' lang='lat' dir='ltr'><strong>asserant</strong></span> <span class='ocrx_word' id='word_1_23' title='bbox 667 717 865 781; x_wconf 87' lang='lat' dir='ltr'><strong>Romanum</strong></span> <span class='ocrx_word' id='word_1_24' title='bbox 882 717 1095 781; x_wconf 87' lang='lat' dir='ltr'><strong>Pontificem</strong></span> <span class='ocrx_word' id='word_1_25' title='bbox 1114 718 1215 780; x_wconf 89' lang='lat' dir='ltr'><strong>civili</strong></span> 
     </span>
    </p>
   </div>
   <div class='ocr_carea' id='block_1_4' title="bbox 103 821 1308 904">
    <p class='ocr_par' dir='ltr' id='par_1_4' title="bbox 103 798 1484 929">
     <span class='ocr_line' id='line_1_5' title="bbox 103 821 1308 904; baseline 0.001 -22"><span class='ocrx_word' id='word_1_26' title='bbox 103 826 275 898; x_wconf 81' lang='lat' dir='ltr'><strong>potestate</strong></span> <span class='ocrx_word' id='word_1_27' title='bbox 291 837 387 884; x_wconf 90' lang='lat' dir='ltr'><strong>auno</strong></span> <span class='ocrx_word' id='word_1_28' title='bbox 404 821 491 885; x_wconf 84' lang='grc'>1870</span> <span class='ocrx_word' id='word_1_29' title='bbox 507 823 690 904; x_wconf 89' lang='lat' dir='ltr'><strong>privatum</strong></span> <span class='ocrx_word' id='word_1_30' title='bbox 707 821 826 885; x_wconf 89' lang='lat' dir='ltr'><strong>adhuc</strong></span> <span class='ocrx_word' id='word_1_31' title='bbox 840 839 920 885; x_wconf 89' lang='lat' dir='ltr'><strong>esse</strong></span> <span class='ocrx_word' id='word_1_32' title='bbox 937 837 1026 884; x_wconf 89' lang='lat' dir='ltr'><strong>vere</strong></span> <span class='ocrx_word' id='word_1_33' title='bbox 1044 821 1214 903; x_wconf 90' lang='lat' dir='ltr'><strong>indepen-</strong></span> <span class='ocrx_word' id='word_1_34' title='bbox 1307 837 1308 842; x_wconf 70' lang='grc'>’</span> 
     </span>
    </p>
   </div>
   <div class='ocr_carea' id='block_1_5' title="bbox 102 924 1214 1118">
    <p class='ocr_par' dir='ltr' id='par_1_5' title="bbox 102 924 1214 1118">
     <span class='ocr_line' id='line_1_6' title="bbox 103 924 1214 992; baseline 0.002 -4"><span class='ocrx_word' id='word_1_35' title='bbox 103 924 236 990; x_wconf 83' lang='lat' dir='ltr'><strong>dentem</strong></span> <span class='ocrx_word' id='word_1_36' title='bbox 261 927 307 991; x_wconf 92' lang='lat' dir='ltr'><strong>ad</strong></span> <span class='ocrx_word' id='word_1_37' title='bbox 324 945 405 992; x_wconf 86' lang='lat' dir='ltr'><strong>sese</strong></span> <span class='ocrx_word' id='word_1_38' title='bbox 434 945 513 992; x_wconf 89' lang='lat' dir='ltr'><strong>cum</strong></span> <span class='ocrx_word' id='word_1_39' title='bbox 535 929 705 992; x_wconf 89' lang='lat' dir='ltr'><strong>universa</strong></span> <span class='ocrx_word' id='word_1_40' title='bbox 734 928 1005 992; x_wconf 79' lang='lat' dir='ltr'><strong>christianitate</strong></span> <span class='ocrx_word' id='word_1_41' title='bbox 1020 930 1214 992; x_wconf 92' lang='lat' dir='ltr'><strong>communi-</strong></span> 
     </span>
     <span class='ocr_line' id='line_1_7' title="bbox 102 1035 1213 1118; baseline 0.003 -23"><span class='ocrx_word' id='word_1_42' title='bbox 102 1035 246 1099; x_wconf 88' lang='lat' dir='ltr'><strong>candum</strong></span> <span class='ocrx_word' id='word_1_43' title='bbox 275 1043 311 1099; x_wconf 90' lang='lat' dir='ltr'><strong>et</strong></span> <span class='ocrx_word' id='word_1_44' title='bbox 331 1037 416 1117; x_wconf 88' lang='lat' dir='ltr'><strong>jura</strong></span> <span class='ocrx_word' id='word_1_45' title='bbox 444 1036 624 1100; x_wconf 87' lang='lat' dir='ltr'><strong>Primatus</strong></span> <span class='ocrx_word' id='word_1_46' title='bbox 642 1037 750 1118; x_wconf 89' lang='lat' dir='ltr'><strong>plene</strong></span> <span class='ocrx_word' id='word_1_47' title='bbox 779 1053 823 1099; x_wconf 89' lang='lat' dir='ltr'><strong>ac</strong></span> <span class='ocrx_word' id='word_1_48' title='bbox 853 1036 968 1099; x_wconf 91' lang='lat' dir='ltr'><strong>libere</strong></span> <span class='ocrx_word' id='word_1_49' title='bbox 994 1035 1213 1116; x_wconf 86' lang='lat' dir='ltr'><strong>exercenda,</strong></span> 
     </span>
    </p>
   </div>
   <div class='ocr_carea' id='block_1_6' title="bbox 102 1127 1484 1230">
    <p class='ocr_par' dir='ltr' id='par_1_6' title="bbox 102 1127 1484 1234">
     <span class='ocr_line' id='line_1_8' title="bbox 102 1127 1484 1230; baseline 0.005 -31"><span class='ocrx_word' id='word_1_50' title='bbox 102 1138 207 1202; x_wconf 82' lang='lat' dir='ltr'><strong>veluti</strong></span> <span class='ocrx_word' id='word_1_51' title='bbox 225 1145 388 1230; x_wconf 81' lang='lat' dir='ltr'><strong>tempore</strong></span> <span class='ocrx_word' id='word_1_52' title='bbox 406 1141 653 1222; x_wconf 86' lang='lat' dir='ltr'><strong>praecedenti;</strong></span> <span class='ocrx_word' id='word_1_53' title='bbox 669 1149 832 1206; x_wconf 87' lang='lat' dir='ltr'><strong>attamen</strong></span> <span class='ocrx_word' id='word_1_54' title='bbox 850 1141 1027 1222; x_wconf 77' lang='lat' dir='ltr'><strong>eJusmodi</strong></span> <span class='ocrx_word' id='word_1_55' title='bbox 1043 1141 1214 1223; x_wconf 90' lang='lat' dir='ltr'><strong>indepen·</strong></span> <span class='ocrx_word' id='word_1_56' title='bbox 1319 1225 1320 1228; x_wconf 8' lang='grc' dir='ltr'><strong>Ἴ</strong></span> <span class='ocrx_word' id='word_1_57' title='bbox 1414 1127 1484 1200; x_wconf 91' lang='lat'><em>3</em></span> 
     </span>
    </p>
   </div>
   <div class='ocr_carea' id='block_1_7' title="bbox 101 1243 1240 4313">
    <p class='ocr_par' dir='ltr' id='par_1_7' title="bbox 102 1243 1240 2611">
     <span class='ocr_line' id='line_1_9' title="bbox 103 1243 1216 1331; baseline 0.004 -23"><span class='ocrx_word' id='word_1_58' title='bbox 103 1243 217 1310; x_wconf 82' lang='lat' dir='ltr'><strong>dentis</strong></span> <span class='ocrx_word' id='word_1_59' title='bbox 240 1249 361 1329; x_wconf 89' lang='lat' dir='ltr'><strong>potius</strong></span> <span class='ocrx_word' id='word_1_60' title='bbox 389 1255 445 1312; x_wconf 89' lang='lat' dir='ltr'><strong>est</strong></span> <span class='ocrx_word' id='word_1_61' title='bbox 472 1251 607 1313; x_wconf 81' lang='lat' dir='ltr'><strong>nomine</strong></span> <span class='ocrx_word' id='word_1_62' title='bbox 636 1267 745 1330; x_wconf 88' lang='lat' dir='ltr'><strong>quam</strong></span> <span class='ocrx_word' id='word_1_63' title='bbox 773 1269 821 1330; x_wconf 79' lang='lat' dir='ltr'><strong>ra,</strong></span> <span class='ocrx_word' id='word_1_64' title='bbox 846 1249 1000 1331; x_wconf 88' lang='lat' dir='ltr'><strong>ideoque</strong></span> <span class='ocrx_word' id='word_1_65' title='bbox 1028 1255 1216 1331; x_wconf 85' lang='lat' dir='ltr'><strong>tamquam</strong></span> 
     </span>
     <span class='ocr_line' id='line_1_10' title="bbox 103 1353 1214 1438; baseline 0.002 -20"><span class='ocrx_word' id='word_1_66' title='bbox 103 1353 289 1420; x_wconf 86' lang='lat' dir='ltr'><strong>chimerica</strong></span> <span class='ocrx_word' id='word_1_67' title='bbox 312 1363 350 1420; x_wconf 89' lang='lat' dir='ltr'><strong>et</strong></span> <span class='ocrx_word' id='word_1_68' title='bbox 377 1357 623 1420; x_wconf 85' lang='lat' dir='ltr'><strong>commentitia</strong></span> <span class='ocrx_word' id='word_1_69' title='bbox 641 1357 782 1420; x_wconf 89' lang='lat' dir='ltr'><strong>censeri</strong></span> <span class='ocrx_word' id='word_1_70' title='bbox 810 1358 930 1434; x_wconf 88' lang='lat' dir='ltr'><strong>debet,</strong></span> <span class='ocrx_word' id='word_1_71' title='bbox 952 1359 1002 1421; x_wconf 93' lang='lat' dir='ltr'><strong>uti</strong></span> <span class='ocrx_word' id='word_1_72' title='bbox 1016 1357 1125 1438; x_wconf 90' lang='lat' dir='ltr'><strong>plane</strong></span> <span class='ocrx_word' id='word_1_73' title='bbox 1143 1357 1214 1420; x_wconf 92' lang='lat' dir='ltr'><strong>col-</strong></span> 
     </span>
     <span class='ocr_line' id='line_1_11' title="bbox 102 1460 1215 1541; baseline 0.004 -19"><span class='ocrx_word' id='word_1_74' title='bbox 102 1460 217 1541; x_wconf 80' lang='lat' dir='ltr'><strong>ligitur</strong></span> <span class='ocrx_word' id='word_1_75' title='bbox 248 1480 294 1526; x_wconf 87' lang='lat' dir='ltr'><strong>cx</strong></span> <span class='ocrx_word' id='word_1_76' title='bbox 312 1463 545 1528; x_wconf 79' lang='lat' dir='ltr'><strong>declaratione</strong></span> <span class='ocrx_word' id='word_1_77' title='bbox 562 1461 788 1527; x_wconf 88' lang='lat' dir='ltr'><strong>Summorum</strong></span> <span class='ocrx_word' id='word_1_78' title='bbox 805 1462 1019 1526; x_wconf 86' lang='lat' dir='ltr'><strong>Pontificum</strong></span> <span class='ocrx_word' id='word_1_79' title='bbox 1035 1463 1089 1526; x_wconf 92' lang='lat' dir='ltr'><strong>Pii</strong></span> <span class='ocrx_word' id='word_1_80' title='bbox 1105 1462 1158 1526; x_wconf 90' lang='lat' dir='ltr'><strong>IX</strong></span> <span class='ocrx_word' id='word_1_81' title='bbox 1171 1479 1215 1526; x_wconf 85' lang='lat' dir='ltr'><strong>ac</strong></span> 
     </span>
     <span class='ocr_line' id='line_1_12' title="bbox 102 1564 1214 1652; baseline 0.002 -22"><span class='ocrx_word' id='word_1_82' title='bbox 102 1564 224 1632; x_wconf 87' lang='lat' dir='ltr'><strong>Leonis</strong></span> <span class='ocrx_word' id='word_1_83' title='bbox 246 1569 349 1650; x_wconf 87' lang='lat' dir='ltr'>XIII,</span> <span class='ocrx_word' id='word_1_84' title='bbox 383 1570 444 1652; x_wconf 91' lang='lat' dir='ltr'><strong>qui</strong></span> <span class='ocrx_word' id='word_1_85' title='bbox 468 1587 731 1650; x_wconf 79' lang='lat' dir='ltr'><strong>saepenumero</strong></span> <span class='ocrx_word' id='word_1_86' title='bbox 762 1571 841 1634; x_wconf 91' lang='lat' dir='ltr'><strong>orbi</strong></span> <span class='ocrx_word' id='word_1_87' title='bbox 870 1570 1050 1634; x_wconf 87' lang='lat' dir='ltr'><strong>catholico</strong></span> <span class='ocrx_word' id='word_1_88' title='bbox 1081 1569 1214 1633; x_wconf 90' lang='lat' dir='ltr'><strong>denun-</strong></span> 
     </span>
     <span class='ocr_line' id='line_1_13' title="bbox 103 1673 1214 1760; baseline 0.005 -26"><span class='ocrx_word' id='word_1_89' title='bbox 103 1673 230 1738; x_wconf 87' lang='lat' dir='ltr'><strong>tiarunt</strong></span> <span class='ocrx_word' id='word_1_90' title='bbox 256 1677 317 1740; x_wconf 80' lang='lat' dir='ltr'><strong>sub</strong></span> <span class='ocrx_word' id='word_1_91' title='bbox 345 1677 463 1741; x_wconf 77' lang='lat' dir='ltr'><strong>hostili</strong></span> <span class='ocrx_word' id='word_1_92' title='bbox 480 1683 645 1760; x_wconf 80' lang='lat' dir='ltr'><strong>potestate</strong></span> <span class='ocrx_word' id='word_1_93' title='bbox 662 1693 701 1739; x_wconf 89' lang='lat' dir='ltr'><strong>se</strong></span> <span class='ocrx_word' id='word_1_94' title='bbox 730 1693 810 1740; x_wconf 86' lang='lat' dir='ltr'><strong>esse</strong></span> <span class='ocrx_word' id='word_1_95' title='bbox 836 1677 1064 1756; x_wconf 86' lang='lat' dir='ltr'><strong>constitutos;</strong></span> <span class='ocrx_word' id='word_1_96' title='bbox 1083 1692 1128 1739; x_wconf 88' lang='lat' dir='ltr'><strong>ex</strong></span> <span class='ocrx_word' id='word_1_97' title='bbox 1145 1676 1214 1740; x_wconf 87' lang='lat' dir='ltr'><strong>fre-</strong></span> 
     </span>
     <span class='ocr_line' id='line_1_14' title="bbox 105 1782 1240 1869; baseline 0.007 -27"><span class='ocrx_word' id='word_1_98' title='bbox 105 1782 219 1860; x_wconf 91' lang='lat' dir='ltr'><strong>quenti</strong></span> <span class='ocrx_word' id='word_1_99' title='bbox 235 1783 420 1848; x_wconf 83' lang='lat' dir='ltr'><strong>oiolutiooo</strong></span> <span class='ocrx_word' id='word_1_100' title='bbox 444 1783 536 1864; x_wconf 90' lang='lat' dir='ltr'><strong>legis</strong></span> <span class='ocrx_word' id='word_1_101' title='bbox 560 1783 767 1847; x_wconf 83' lang='lat' dir='ltr'><strong>securitatis</strong></span> <span class='ocrx_word' id='word_1_102' title='bbox 785 1783 905 1846; x_wconf 89' lang='lat' dir='ltr'><strong>diotae</strong></span> <span class='ocrx_word' id='word_1_103' title='bbox 924 1785 994 1869; x_wconf 77' lang='lat' dir='ltr'><strong>(lep</strong></span> <span class='ocrx_word' id='word_1_104' title='bbox 1021 1785 1061 1847; x_wconf 84' lang='lat' dir='ltr'><strong>tte</strong></span> <span class='ocrx_word' id='word_1_105' title='bbox 1088 1803 1214 1866; x_wconf 79' lang='lat' dir='ltr'><strong>paron·</strong></span> <span class='ocrx_word' id='word_1_106' title='bbox 1238 1845 1240 1850; x_wconf 79' lang='grc'>,</span> 
     </span>
     <span class='ocr_line' id='line_1_15' title="bbox 105 1889 1215 1971; baseline 0.004 -23"><span class='ocrx_word' id='word_1_107' title='bbox 105 1889 189 1968; x_wconf 83' lang='lat' dir='ltr'><strong>tius),</strong></span> <span class='ocrx_word' id='word_1_108' title='bbox 205 1889 338 1970; x_wconf 90' lang='lat' dir='ltr'><strong>quippe</strong></span> <span class='ocrx_word' id='word_1_109' title='bbox 356 1907 479 1952; x_wconf 88' lang='lat' dir='ltr'><strong>omnes</strong></span> <span class='ocrx_word' id='word_1_110' title='bbox 497 1899 630 1952; x_wconf 91' lang='lat' dir='ltr'><strong>norunt</strong></span> <span class='ocrx_word' id='word_1_111' title='bbox 643 1891 861 1954; x_wconf 86' lang='lat' dir='ltr'><strong>vexationes</strong></span> <span class='ocrx_word' id='word_1_112' title='bbox 879 1895 916 1953; x_wconf 89' lang='lat' dir='ltr'><strong>et</strong></span> <span class='ocrx_word' id='word_1_113' title='bbox 940 1890 1215 1971; x_wconf 88' lang='lat' dir='ltr'><strong>profanationes</strong></span> 
     </span>
     <span class='ocr_line' id='line_1_16' title="bbox 106 1996 1215 2076; baseline 0.004 -23"><span class='ocrx_word' id='word_1_114' title='bbox 106 2001 221 2056; x_wconf 90' lang='lat' dir='ltr'><strong>contra</strong></span> <span class='ocrx_word' id='word_1_115' title='bbox 239 2011 427 2075; x_wconf 88' lang='lat' dir='ltr'><strong>personas,</strong></span> <span class='ocrx_word' id='word_1_116' title='bbox 448 2013 506 2058; x_wconf 88' lang='lat' dir='ltr'><strong>res</strong></span> <span class='ocrx_word' id='word_1_117' title='bbox 530 2003 566 2059; x_wconf 89' lang='lat' dir='ltr'><strong>et</strong></span> <span class='ocrx_word' id='word_1_118' title='bbox 591 1996 792 2059; x_wconf 89' lang='lat' dir='ltr'><strong>catholicas</strong></span> <span class='ocrx_word' id='word_1_119' title='bbox 821 1997 1065 2060; x_wconf 87' lang='lat' dir='ltr'><strong>institutiones</strong></span> <span class='ocrx_word' id='word_1_120' title='bbox 1093 1996 1215 2076; x_wconf 88' lang='lat' dir='ltr'><strong>sepius</strong></span> 
     </span>
     <span class='ocr_line' id='line_1_17' title="bbox 105 2100 1216 2181; baseline 0.005 -22"><span class='ocrx_word' id='word_1_121' title='bbox 105 2106 337 2180; x_wconf 86' lang='lat' dir='ltr'><strong>perpetratas,</strong></span> <span class='ocrx_word' id='word_1_122' title='bbox 364 2101 450 2181; x_wconf 92' lang='lat' dir='ltr'><strong>quin</strong></span> <span class='ocrx_word' id='word_1_123' title='bbox 478 2101 581 2181; x_wconf 86' lang='lat' dir='ltr'><strong>ipsae</strong></span> <span class='ocrx_word' id='word_1_124' title='bbox 605 2101 837 2166; x_wconf 87' lang='lat' dir='ltr'><strong>Venerabilis</strong></span> <span class='ocrx_word' id='word_1_125' title='bbox 868 2101 1053 2166; x_wconf 88' lang='lat' dir='ltr'><strong>Pontifiois</strong></span> <span class='ocrx_word' id='word_1_126' title='bbox 1081 2100 1135 2163; x_wconf 90' lang='lat' dir='ltr'><strong>Pii</strong></span> <span class='ocrx_word' id='word_1_127' title='bbox 1162 2100 1216 2164; x_wconf 87' lang='lat' dir='ltr'><strong>IX</strong></span> 
     </span>
     <span class='ocr_line' id='line_1_18' title="bbox 106 2205 1216 2287; baseline 0.003 -20"><span class='ocrx_word' id='word_1_128' title='bbox 106 2205 269 2287; x_wconf 86' lang='lat' dir='ltr'><strong>reliquiae</strong></span> <span class='ocrx_word' id='word_1_129' title='bbox 292 2207 339 2270; x_wconf 89' lang='lat' dir='ltr'><strong>ab</strong></span> <span class='ocrx_word' id='word_1_130' title='bbox 370 2207 451 2272; x_wconf 84' lang='lat' dir='ltr'><strong>odio</strong></span> <span class='ocrx_word' id='word_1_131' title='bbox 476 2209 630 2272; x_wconf 80' lang='lat' dir='ltr'><strong>factioso</strong></span> <span class='ocrx_word' id='word_1_132' title='bbox 660 2215 698 2273; x_wconf 91' lang='lat' dir='ltr'><strong>et</strong></span> <span class='ocrx_word' id='word_1_133' title='bbox 727 2211 914 2276; x_wconf 90' lang='lat' dir='ltr'><strong>turbarum</strong></span> <span class='ocrx_word' id='word_1_134' title='bbox 942 2209 1085 2273; x_wconf 89' lang='lat' dir='ltr'><strong>insania</strong></span> <span class='ocrx_word' id='word_1_135' title='bbox 1115 2213 1216 2271; x_wconf 88' lang='lat' dir='ltr'><strong>tutae</strong></span> 
     </span>
     <span class='ocr_line' id='line_1_19' title="bbox 105 2311 1216 2401; baseline 0.005 -28"><span class='ocrx_word' id='word_1_136' title='bbox 105 2311 239 2395; x_wconf 81' lang='lat' dir='ltr'><strong>luerint3</strong></span> <span class='ocrx_word' id='word_1_137' title='bbox 260 2331 402 2379; x_wconf 84' lang='lat' dir='ltr'><strong>necnon</strong></span> <span class='ocrx_word' id='word_1_138' title='bbox 431 2333 477 2378; x_wconf 88' lang='lat' dir='ltr'><strong>ex</strong></span> <span class='ocrx_word' id='word_1_139' title='bbox 495 2318 630 2380; x_wconf 88' lang='lat' dir='ltr'><strong>actuali</strong></span> <span class='ocrx_word' id='word_1_140' title='bbox 647 2317 779 2381; x_wconf 78' lang='lat' dir='ltr'><strong>Leonta</strong></span> <span class='ocrx_word' id='word_1_141' title='bbox 808 2317 897 2381; x_wconf 93' lang='lat' dir='ltr'>XIII</span> <span class='ocrx_word' id='word_1_142' title='bbox 925 2318 1135 2401; x_wconf 79' lang='lat' dir='ltr'><strong>captivitato,</strong></span> <span class='ocrx_word' id='word_1_143' title='bbox 1154 2315 1216 2397; x_wconf 91' lang='lat' dir='ltr'><strong>qui</strong></span> 
     </span>
     <span class='ocr_line' id='line_1_20' title="bbox 106 2418 1214 2504; baseline 0.003 -23"><span class='ocrx_word' id='word_1_144' title='bbox 106 2418 163 2481; x_wconf 86' lang='lat' dir='ltr'><strong>sub</strong></span> <span class='ocrx_word' id='word_1_145' title='bbox 178 2421 402 2484; x_wconf 89' lang='lat' dir='ltr'><strong>inimicorum</strong></span> <span class='ocrx_word' id='word_1_146' title='bbox 420 2422 570 2504; x_wconf 90' lang='lat' dir='ltr'><strong>ejusque</strong></span> <span class='ocrx_word' id='word_1_147' title='bbox 590 2424 846 2504; x_wconf 82' lang='lat' dir='ltr'><strong>usurpatorum</strong></span> <span class='ocrx_word' id='word_1_148' title='bbox 864 2423 1109 2487; x_wconf 88' lang='lat' dir='ltr'><strong>dominatione</strong></span> <span class='ocrx_word' id='word_1_149' title='bbox 1127 2421 1214 2485; x_wconf 85' lang='lat' dir='ltr'><strong>deti·</strong></span> 
     </span>
     <span class='ocr_line' id='line_1_21' title="bbox 106 2527 875 2611; baseline 0.008 -25"><span class='ocrx_word' id='word_1_150' title='bbox 106 2531 211 2606; x_wconf 91' lang='lat' dir='ltr'><strong>netur,</strong></span> <span class='ocrx_word' id='word_1_151' title='bbox 229 2535 341 2609; x_wconf 87' lang='lat' dir='ltr'><strong>atque</strong></span> <span class='ocrx_word' id='word_1_152' title='bbox 358 2545 404 2591; x_wconf 87' lang='lat' dir='ltr'><strong>ex</strong></span> <span class='ocrx_word' id='word_1_153' title='bbox 421 2527 600 2592; x_wconf 85' lang='lat' dir='ltr'><strong>Vaticano</strong></span> <span class='ocrx_word' id='word_1_154' title='bbox 620 2530 721 2592; x_wconf 88' lang='lat' dir='ltr'><strong>exire</strong></span> <span class='ocrx_word' id='word_1_155' title='bbox 737 2531 875 2611; x_wconf 91' lang='lat' dir='ltr'><strong>nequit.</strong></span> 
     </span>
    </p>

    <p class='ocr_par' dir='ltr' id='par_1_8' title="bbox 101 2633 1216 4313">
     <span class='ocr_line' id='line_1_22' title="bbox 183 2633 1215 2715; baseline 0.003 -20"><span class='ocrx_word' id='word_1_156' title='bbox 183 2633 256 2696; x_wconf 80' lang='lat'>144.</span> <span class='ocrx_word' id='word_1_157' title='bbox 306 2633 505 2697; x_wconf 88' lang='lat' dir='ltr'><strong>Praeterea</strong></span> <span class='ocrx_word' id='word_1_158' title='bbox 537 2652 602 2715; x_wconf 91' lang='lat' dir='ltr'><strong>pro</strong></span> <span class='ocrx_word' id='word_1_159' title='bbox 636 2636 905 2700; x_wconf 86' lang='lat' dir='ltr'><strong>restauratione</strong></span> <span class='ocrx_word' id='word_1_160' title='bbox 936 2635 1056 2699; x_wconf 88' lang='lat' dir='ltr'><strong>civilis</strong></span> <span class='ocrx_word' id='word_1_161' title='bbox 1087 2635 1215 2699; x_wconf 68' lang='lat' dir='ltr'><strong>Roma⁴</strong></span> 
     </span>
     <span class='ocr_line' id='line_1_23' title="bbox 106 2739 1210 2821; baseline 0.006 -23"><span class='ocrx_word' id='word_1_162' title='bbox 106 2751 219 2802; x_wconf 91' lang='lat' dir='ltr'><strong>uorum</strong></span> <span class='ocrx_word' id='word_1_163' title='bbox 250 2739 463 2803; x_wconf 88' lang='lat' dir='ltr'><strong>Pontificum</strong></span> <span class='ocrx_word' id='word_1_164' title='bbox 493 2743 685 2821; x_wconf 74' lang='lat' dir='ltr'><strong>potcstatiS</strong></span> <span class='ocrx_word' id='word_1_165' title='bbox 719 2743 877 2805; x_wconf 85' lang='lat' dir='ltr'><strong>militant</strong></span> <span class='ocrx_word' id='word_1_166' title='bbox 894 2741 1142 2805; x_wconf 87' lang='lat' dir='ltr'><strong>validissimae</strong></span> <span class='ocrx_word' id='word_1_167' title='bbox 1159 2759 1210 2804; x_wconf 89' lang='lat' dir='ltr'><strong>ra-</strong></span> 
     </span>
     <span class='ocr_line' id='line_1_24' title="bbox 106 2843 1216 2929; baseline 0.004 -23"><span class='ocrx_word' id='word_1_168' title='bbox 106 2843 209 2908; x_wconf 81' lang='lat' dir='ltr'><strong>dones</strong></span> <span class='ocrx_word' id='word_1_169' title='bbox 233 2845 370 2909; x_wconf 81' lang='lat' dir='ltr'><strong>ordinIs</strong></span> <span class='ocrx_word' id='word_1_170' title='bbox 390 2847 552 2926; x_wconf 87' lang='lat' dir='ltr'><strong>juridici:</strong></span> <span class='ocrx_word' id='word_1_171' title='bbox 589 2847 864 2912; x_wconf 87' lang='lat' dir='ltr'><strong>l.⁰restabi1ire</strong></span> <span class='ocrx_word' id='word_1_172' title='bbox 893 2851 1037 2912; x_wconf 90' lang='lat' dir='ltr'><strong>omnino</strong></span> <span class='ocrx_word' id='word_1_173' title='bbox 1071 2851 1216 2929; x_wconf 88' lang='lat' dir='ltr'><strong>oportet</strong></span> 
     </span>
     <span class='ocr_line' id='line_1_25' title="bbox 107 2947 1215 3036; baseline 0.004 -24"><span class='ocrx_word' id='word_1_174' title='bbox 107 2947 282 3031; x_wconf 84' lang='lat' dir='ltr'><strong>impertum</strong></span> <span class='ocrx_word' id='word_1_175' title='bbox 304 2954 471 3033; x_wconf 78' lang='lat' dir='ltr'><strong>Justitiae</strong></span> <span class='ocrx_word' id='word_1_176' title='bbox 490 2957 600 3036; x_wconf 89' lang='lat' dir='ltr'><strong>atque</strong></span> <span class='ocrx_word' id='word_1_177' title='bbox 617 2955 758 3018; x_wconf 88' lang='lat' dir='ltr'><strong>fidelem</strong></span> <span class='ocrx_word' id='word_1_178' title='bbox 778 2963 814 3018; x_wconf 89' lang='lat' dir='ltr'><strong>et</strong></span> <span class='ocrx_word' id='word_1_179' title='bbox 832 2956 1078 3019; x_wconf 88' lang='lat' dir='ltr'><strong>universalem</strong></span> <span class='ocrx_word' id='word_1_180' title='bbox 1095 2956 1215 3018; x_wconf 90' lang='lat' dir='ltr'><strong>obser·</strong></span> 
     </span>
     <span class='ocr_line' id='line_1_26' title="bbox 107 3059 1216 3143; baseline 0.003 -25"><span class='ocrx_word' id='word_1_181' title='bbox 107 3059 256 3122; x_wconf 74' lang='lat' dir='ltr'><strong>tantiam</strong></span> <span class='ocrx_word' id='word_1_182' title='bbox 270 3059 486 3140; x_wconf 81' lang='lat' dir='ltr'><strong>officiorum,</strong></span> <span class='ocrx_word' id='word_1_183' title='bbox 503 3077 596 3142; x_wconf 89' lang='lat' dir='ltr'><strong>quae</strong></span> <span class='ocrx_word' id='word_1_184' title='bbox 610 3061 756 3142; x_wconf 89' lang='lat' dir='ltr'><strong>populis</strong></span> <span class='ocrx_word' id='word_1_185' title='bbox 769 3066 805 3124; x_wconf 92' lang='lat' dir='ltr'><strong>et</strong></span> <span class='ocrx_word' id='word_1_186' title='bbox 822 3061 975 3143; x_wconf 86' lang='lat' dir='ltr'><strong>civibus,</strong></span> <span class='ocrx_word' id='word_1_187' title='bbox 991 3061 1158 3142; x_wconf 87' lang='lat' dir='ltr'><strong>gentibus</strong></span> <span class='ocrx_word' id='word_1_188' title='bbox 1172 3076 1216 3122; x_wconf 91' lang='lat' dir='ltr'><strong>ac</strong></span> 
     </span>
     <span class='ocr_line' id='line_1_27' title="bbox 106 3159 1212 3248; baseline 0.004 -25"><span class='ocrx_word' id='word_1_189' title='bbox 106 3159 301 3243; x_wconf 86' lang='lat' dir='ltr'><strong>individuis,</strong></span> <span class='ocrx_word' id='word_1_190' title='bbox 321 3167 585 3246; x_wconf 88' lang='lat' dir='ltr'><strong>imperantibus</strong></span> <span class='ocrx_word' id='word_1_191' title='bbox 609 3167 834 3248; x_wconf 87' lang='lat' dir='ltr'><strong>subditisque</strong></span> <span class='ocrx_word' id='word_1_192' title='bbox 851 3168 1018 3230; x_wconf 89' lang='lat' dir='ltr'><strong>absolute</strong></span> <span class='ocrx_word' id='word_1_193' title='bbox 1035 3183 1079 3229; x_wconf 91' lang='lat' dir='ltr'><strong>ac</strong></span> <span class='ocrx_word' id='word_1_194' title='bbox 1107 3165 1212 3228; x_wconf 90' lang='lat' dir='ltr'><strong>indis·</strong></span> 
     </span>
     <span class='ocr_line' id='line_1_28' title="bbox 107 3269 1214 3356; baseline 0.006 -28"><span class='ocrx_word' id='word_1_195' title='bbox 107 3269 311 3335; x_wconf 87' lang='lat' dir='ltr'><strong>criminatim</strong></span> <span class='ocrx_word' id='word_1_196' title='bbox 324 3273 465 3352; x_wconf 91' lang='lat' dir='ltr'><strong>jubent,</strong></span> <span class='ocrx_word' id='word_1_197' title='bbox 486 3279 524 3335; x_wconf 91' lang='lat' dir='ltr'><strong>ut</strong></span> <span class='ocrx_word' id='word_1_198' title='bbox 537 3273 622 3353; x_wconf 86' lang='lat' dir='ltr'><strong>jura</strong></span> <span class='ocrx_word' id='word_1_199' title='bbox 639 3273 823 3337; x_wconf 87' lang='lat' dir='ltr'><strong>naturalia</strong></span> <span class='ocrx_word' id='word_1_200' title='bbox 847 3293 981 3356; x_wconf 83' lang='lat' dir='ltr'><strong>semper</strong></span> <span class='ocrx_word' id='word_1_201' title='bbox 998 3279 1034 3335; x_wconf 90' lang='lat' dir='ltr'><strong>et</strong></span> <span class='ocrx_word' id='word_1_202' title='bbox 1046 3291 1114 3356; x_wconf 84' lang='lat' dir='ltr'><strong>pro</strong></span> <span class='ocrx_word' id='word_1_203' title='bbox 1130 3291 1214 3335; x_wconf 84' lang='lat' dir='ltr'><strong>sem·</strong></span> 
     </span>
     <span class='ocr_line' id='line_1_29' title="bbox 101 3377 1216 3462; baseline 0.001 -23"><span class='ocrx_word' id='word_1_204' title='bbox 101 3394 160 3457; x_wconf 83' lang='lat' dir='ltr'><strong>par</strong></span> <span class='ocrx_word' id='word_1_205' title='bbox 180 3383 431 3460; x_wconf 80' lang='lat' dir='ltr'><strong>revereantur3</strong></span> <span class='ocrx_word' id='word_1_206' title='bbox 447 3379 523 3461; x_wconf 89' lang='lat' dir='ltr'><strong>jam</strong></span> <span class='ocrx_word' id='word_1_207' title='bbox 537 3397 638 3462; x_wconf 85' lang='lat' dir='ltr'><strong>vero,</strong></span> <span class='ocrx_word' id='word_1_208' title='bbox 659 3379 832 3462; x_wconf 91' lang='lat' dir='ltr'><strong>quidquid</strong></span> <span class='ocrx_word' id='word_1_209' title='bbox 850 3379 1052 3444; x_wconf 83' lang='lat' dir='ltr'><strong>effutierint</strong></span> <span class='ocrx_word' id='word_1_210' title='bbox 1069 3377 1216 3458; x_wconf 87' lang='lat' dir='ltr'><strong>patroni</strong></span> 
     </span>
     <span class='ocr_line' id='line_1_30' title="bbox 106 3480 1216 3569; baseline 0.003 -27"><span class='ocrx_word' id='word_1_211' title='bbox 106 3480 239 3549; x_wconf 81' lang='lat' dir='ltr'><strong>italicae</strong></span> <span class='ocrx_word' id='word_1_212' title='bbox 263 3486 425 3567; x_wconf 89' lang='lat' dir='ltr'><strong>unitatis,</strong></span> <span class='ocrx_word' id='word_1_213' title='bbox 451 3487 605 3550; x_wconf 83' lang='lat' dir='ltr'><strong>inficiari</strong></span> <span class='ocrx_word' id='word_1_214' title='bbox 633 3488 771 3569; x_wconf 88' lang='lat' dir='ltr'><strong>nequit,</strong></span> <span class='ocrx_word' id='word_1_215' title='bbox 798 3503 879 3550; x_wconf 91' lang='lat' dir='ltr'><strong>eum</strong></span> <span class='ocrx_word' id='word_1_216' title='bbox 909 3484 953 3549; x_wconf 91' lang='lat' dir='ltr'><strong>de</strong></span> <span class='ocrx_word' id='word_1_217' title='bbox 983 3501 1022 3549; x_wconf 92' lang='lat' dir='ltr'><strong>re</strong></span> <span class='ocrx_word' id='word_1_218' title='bbox 1051 3483 1216 3548; x_wconf 91' lang='lat' dir='ltr'><strong>omnibus</strong></span> 
     </span>
     <span class='ocr_line' id='line_1_31' title="bbox 107 3590 1216 3674; baseline 0.001 -24"><span class='ocrx_word' id='word_1_219' title='bbox 107 3598 281 3672; x_wconf 89' lang='lat' dir='ltr'><strong>comporta</strong></span> <span class='ocrx_word' id='word_1_220' title='bbox 298 3598 441 3673; x_wconf 85' lang='lat' dir='ltr'><strong>agatur,</strong></span> <span class='ocrx_word' id='word_1_221' title='bbox 461 3594 620 3674; x_wconf 85' lang='lat' dir='ltr'><strong>origines</strong></span> <span class='ocrx_word' id='word_1_222' title='bbox 637 3593 751 3674; x_wconf 84' lang='lat' dir='ltr'><strong>Regni</strong></span> <span class='ocrx_word' id='word_1_223' title='bbox 768 3592 900 3656; x_wconf 88' lang='lat' dir='ltr'><strong>Italiae</strong></span> <span class='ocrx_word' id='word_1_224' title='bbox 914 3592 988 3672; x_wconf 80' lang='lat' dir='ltr'><strong>Juri</strong></span> <span class='ocrx_word' id='word_1_225' title='bbox 1004 3590 1163 3654; x_wconf 86' lang='lat' dir='ltr'><strong>naturali</strong></span> <span class='ocrx_word' id='word_1_226' title='bbox 1180 3593 1216 3652; x_wconf 86' lang='lat' dir='ltr'><strong>et</strong></span> 
     </span>
     <span class='ocr_line' id='line_1_32' title="bbox 107 3697 1215 3782; baseline 0.001 -25"><span class='ocrx_word' id='word_1_227' title='bbox 107 3699 217 3762; x_wconf 87' lang='lat' dir='ltr'><strong>rectae</strong></span> <span class='ocrx_word' id='word_1_228' title='bbox 233 3699 410 3781; x_wconf 89' lang='lat' dir='ltr'><strong>aequitati</strong></span> <span class='ocrx_word' id='word_1_229' title='bbox 428 3715 575 3782; x_wconf 87' lang='lat' dir='ltr'><strong>prorsus</strong></span> <span class='ocrx_word' id='word_1_230' title='bbox 599 3700 787 3779; x_wconf 86' lang='lat' dir='ltr'><strong>reluctari,</strong></span> <span class='ocrx_word' id='word_1_231' title='bbox 806 3705 882 3764; x_wconf 91' lang='lat' dir='ltr'><strong>tum</strong></span> <span class='ocrx_word' id='word_1_232' title='bbox 900 3701 985 3782; x_wconf 86' lang='lat' dir='ltr'><strong>quia</strong></span> <span class='ocrx_word' id='word_1_233' title='bbox 1004 3697 1100 3780; x_wconf 88' lang='lat' dir='ltr'><strong>apud</strong></span> <span class='ocrx_word' id='word_1_234' title='bbox 1131 3713 1215 3760; x_wconf 91' lang='lat' dir='ltr'><strong>cun·</strong></span> 
     </span>
     <span class='ocr_line' id='line_1_33' title="bbox 108 3803 1214 3888; baseline 0.002 -25"><span class='ocrx_word' id='word_1_235' title='bbox 108 3809 173 3867; x_wconf 86' lang='lat' dir='ltr'><strong>otas</strong></span> <span class='ocrx_word' id='word_1_236' title='bbox 188 3813 317 3888; x_wconf 89' lang='lat' dir='ltr'><strong>gentes</strong></span> <span class='ocrx_word' id='word_1_237' title='bbox 334 3811 471 3870; x_wconf 93' lang='lat' dir='ltr'><strong>certum</strong></span> <span class='ocrx_word' id='word_1_238' title='bbox 486 3812 542 3870; x_wconf 85' lang='lat' dir='ltr'><strong>est</strong></span> <span class='ocrx_word' id='word_1_239' title='bbox 558 3807 656 3869; x_wconf 85' lang='lat' dir='ltr'><strong>furta</strong></span> <span class='ocrx_word' id='word_1_240' title='bbox 675 3815 711 3870; x_wconf 87' lang='lat' dir='ltr'><strong>et.</strong></span> <span class='ocrx_word' id='word_1_241' title='bbox 728 3807 982 3888; x_wconf 77' lang='lat' dir='ltr'><strong>usurpationes</strong></span> <span class='ocrx_word' id='word_1_242' title='bbox 999 3805 1052 3868; x_wconf 91' lang='lat' dir='ltr'><strong>rei</strong></span> <span class='ocrx_word' id='word_1_243' title='bbox 1070 3803 1214 3867; x_wconf 89' lang='lat' dir='ltr'><strong>alienae</strong></span> 
     </span>
     <span class='ocr_line' id='line_1_34' title="bbox 106 3906 1215 3995; baseline -0.001 -23"><span class='ocrx_word' id='word_1_244' title='bbox 106 3906 246 3990; x_wconf 85' lang='lat' dir='ltr'><strong>iujustas</strong></span> <span class='ocrx_word' id='word_1_245' title='bbox 263 3913 374 3995; x_wconf 85' lang='lat' dir='ltr'><strong>plane</strong></span> <span class='ocrx_word' id='word_1_246' title='bbox 392 3929 473 3977; x_wconf 89' lang='lat' dir='ltr'><strong>esse</strong></span> <span class='ocrx_word' id='word_1_247' title='bbox 498 3917 535 3977; x_wconf 92' lang='lat' dir='ltr'><strong>et</strong></span> <span class='ocrx_word' id='word_1_248' title='bbox 552 3919 681 3976; x_wconf 88' lang='lat' dir='ltr'><strong>contra</strong></span> <span class='ocrx_word' id='word_1_249' title='bbox 697 3919 885 3976; x_wconf 86' lang='lat' dir='ltr'><strong>aeternam</strong></span> <span class='ocrx_word' id='word_1_250' title='bbox 903 3911 972 3976; x_wconf 92' lang='lat' dir='ltr'><strong>Dei</strong></span> <span class='ocrx_word' id='word_1_251' title='bbox 989 3911 1121 3992; x_wconf 87' lang='lat' dir='ltr'><strong>legem,</strong></span> <span class='ocrx_word' id='word_1_252' title='bbox 1141 3915 1215 3972; x_wconf 91' lang='lat' dir='ltr'><strong>tum</strong></span> 
     </span>
     <span class='ocr_line' id='line_1_35' title="bbox 106 4015 1215 4098; baseline -0.003 -19"><span class='ocrx_word' id='word_1_253' title='bbox 106 4017 216 4096; x_wconf 84' lang='lat' dir='ltr'><strong>quiea</strong></span> <span class='ocrx_word' id='word_1_254' title='bbox 232 4019 378 4084; x_wconf 85' lang='lat' dir='ltr'><strong>Summo</strong></span> <span class='ocrx_word' id='word_1_255' title='bbox 396 4018 582 4098; x_wconf 87' lang='lat' dir='ltr'><strong>Pontifloe,</strong></span> <span class='ocrx_word' id='word_1_256' title='bbox 602 4035 744 4082; x_wconf 89' lang='lat' dir='ltr'><strong>necnon</strong></span> <span class='ocrx_word' id='word_1_257' title='bbox 770 4018 815 4083; x_wconf 91' lang='lat' dir='ltr'><strong>ab</strong></span> <span class='ocrx_word' id='word_1_258' title='bbox 834 4019 1004 4082; x_wconf 87' lang='lat' dir='ltr'><strong>universo</strong></span> <span class='ocrx_word' id='word_1_259' title='bbox 1018 4015 1215 4098; x_wconf 84' lang='lat' dir='ltr'><strong>Episcopa-</strong></span> 
     </span>
     <span class='ocr_line' id='line_1_36' title="bbox 105 4121 1216 4207; baseline 0.003 -25"><span class='ocrx_word' id='word_1_260' title='bbox 105 4125 136 4186; x_wconf 88' lang='lat' dir='ltr'><strong>tu</strong></span> <span class='ocrx_word' id='word_1_261' title='bbox 149 4121 332 4192; x_wconf 83' lang='lat' dir='ltr'><strong>Catholico</strong></span> <span class='ocrx_word' id='word_1_262' title='bbox 351 4125 565 4207; x_wconf 76' lang='lat' dir='ltr'><strong>saepissime</strong></span> <span class='ocrx_word' id='word_1_263' title='bbox 582 4125 809 4190; x_wconf 87' lang='lat' dir='ltr'><strong>declaratum</strong></span> <span class='ocrx_word' id='word_1_264' title='bbox 824 4131 932 4207; x_wconf 88' lang='lat' dir='ltr'><strong>atquo</strong></span> <span class='ocrx_word' id='word_1_265' title='bbox 956 4127 1132 4188; x_wconf 87' lang='lat' dir='ltr'><strong>statutum</strong></span> <span class='ocrx_word' id='word_1_266' title='bbox 1148 4121 1216 4186; x_wconf 84' lang='lat' dir='ltr'><strong>fuit</strong></span> 
     </span>
     <span class='ocr_line' id='line_1_37' title="bbox 105 4227 1213 4313; baseline 0 -20"><span class='ocrx_word' id='word_1_267' title='bbox 105 4227 246 4311; x_wconf 87' lang='lat' dir='ltr'><strong>injustas</strong></span> <span class='ocrx_word' id='word_1_268' title='bbox 272 4233 475 4299; x_wconf 85' lang='lat' dir='ltr'><strong>censendas</strong></span> <span class='ocrx_word' id='word_1_269' title='bbox 493 4249 573 4297; x_wconf 89' lang='lat' dir='ltr'><strong>esse</strong></span> <span class='ocrx_word' id='word_1_270' title='bbox 589 4251 661 4297; x_wconf 93' lang='lat' dir='ltr'><strong>non</strong></span> <span class='ocrx_word' id='word_1_271' title='bbox 677 4234 793 4298; x_wconf 90' lang='lat' dir='ltr'><strong>solum</strong></span> <span class='ocrx_word' id='word_1_272' title='bbox 811 4233 898 4298; x_wconf 89' lang='lat' dir='ltr'><strong>novi</strong></span> <span class='ocrx_word' id='word_1_273' title='bbox 922 4231 1026 4313; x_wconf 87' lang='lat' dir='ltr'><strong>regni</strong></span> <span class='ocrx_word' id='word_1_274' title='bbox 1042 4230 1213 4312; x_wconf 91' lang='lat' dir='ltr'><strong>origines,</strong></span> 
     </span>
    </p>
   </div>
   <div class='ocr_carea' id='block_1_8' title="bbox 0 0 1527 4994">
    <p class='ocr_par' dir='ltr' id='par_1_9' title="bbox 0 0 1527 4994">
     <span class='ocr_line' id='line_1_38' title="bbox 0 0 1527 4994; baseline 0 0"><span class='ocrx_word' id='word_1_275' title='bbox 0 0 1527 4994; x_wconf 95' lang='lat' dir='ltr'><strong> </strong></span> 
     </span>
    </p>
   </div>
  </div>
 </body>
</html>
