3038 4994
533 379 714 440 ...233-

154 523 225 585 Lm
269 521 470 605 Ecclesiae,
485 524 637 606 ejusque
653 541 823 607 supremo
841 541 887 590 ao
903 523 1041 589 visibili
1056 522 1188 608 Capiti,

77 627 223 693 Romano
241 627 418 712 Pontifici,
438 630 568 694 saltem
599 631 637 694 in
664 630 854 713 praesenti
871 629 1060 695 societatis
1077 635 1189 714 statu,

77 751 136 798 non
151 734 256 800 modo
274 735 431 800 maxime
447 735 682 818 conveniens,
700 735 766 801 sed
783 739 895 802 etiam
918 753 1008 802 vere
1024 753 1190 802 necessa·

77 839 122 902 ria
132 847 184 904 est
196 841 367 906 absoluta
378 841 662 925 independentia
672 849 709 908 et
725 843 836 926 plena
849 842 1002 907 libertas
1019 859 1085 925 per
1103 851 1191 908 tem·

76 947 188 1026 porale
201 947 399 1012 dominium
416 965 480 1013 seu
494 949 641 1014 civilem
652 950 829 1030 regimem
844 949 913 1014 hoe
927 949 1022 1014 enim
1035 949 1191 1031 sublato,

75 1052 219 1118 conditio
238 1053 428 1120 Ecclesiae
445 1063 482 1119 et
497 1054 733 1120 Pontificatus
748 1067 845 1120 esset
862 1071 1092 1137 summopere
1111 1071 1191 1136 pre·

76 1159 174 1238 caria,
192 1169 230 1225 et
243 1161 446 1226 certissime
461 1163 499 1226 in
515 1163 801 1244 oppressionem,
826 1162 1062 1226 vexationem
1081 1169 1192 1244 atque

74 1268 277 1332 servitutem
307 1274 528 1350 verteretur,
562 1270 684 1351 prouti
726 1267 904 1332 hodierna
939 1267 998 1331 die
1032 1267 1192 1332 infauste

76 1373 241 1455 contingit
254 1381 338 1456 post
352 1375 513 1458 iniquam
526 1392 571 1439 ac
585 1375 803 1457 sacrilegam
817 1374 994 1438 ditionum
1009 1373 1191 1438 Ecclesia·

75 1479 236 1546 sticarum
253 1481 509 1563 direptionem.

151 1585 224 1650 ΞΡ*
270 1587 438 1652 Potestas
454 1603 624 1670 suprema
641 1594 677 1652 et
692 1588 954 1670 independens,
982 1603 1054 1668 qua
1081 1584 1193 1649 etiam

75 1689 106 1753 in
120 1692 244 1758 ordine
262 1695 365 1759 civili
382 1694 454 1758 frui
467 1694 601 1759 debent
618 1691 751 1760 Christi
768 1694 919 1774 Vicarii,
939 1693 1067 1758 habita
1084 1692 1192 1756 ratio·

76 1813 113 1860 ne
127 1815 212 1864 snae
229 1799 485 1866 destinationis
503 1818 547 1865 ao
568 1801 799 1883 relationum,
827 1801 1012 1865 censenda
1044 1805 1101 1862 est
1126 1815 1194 1862 ceu

77 1921 124 1968 res
138 1925 259 1988 sacra,
278 1914 389 1990 atque
406 1910 472 1974 sub
490 1909 559 1973 hoc
585 1915 755 1990 respectu
782 1909 951 1990 quaestio
982 1923 1077 1989 quae
1094 1907 1195 1970 circa

78 2009 261 2080 dominium
278 2017 482 2098 temporale
510 2013 667 2080 Sanctae
693 2014 794 2079 Sedis
824 2015 1001 2096 agitatur,
1032 2031 1106 2078 non
1139 2015 1195 2076 est

77 2133 133 2181 uec
144 2123 271 2185 vocari
290 2129 411 2203 potest
424 2139 524 2186 mere
540 2121 702 2204 politica,
718 2121 782 2185 sed
795 2137 883 2185 vere
904 2136 948 2184 ac
965 2119 1124 2182 maxime
1139 2135 1193 2180 re·

78 2221 194 2305 ligiosa
210 2229 458 2292 existimanda
486 2233 554 2308 est,
585 2229 752 2310 quamvis
781 2245 867 2309 pars
898 2225 1098 2289 materialis
1129 2239 1194 2286 seu

78 2332 269 2412 subjectum
282 2335 330 2398 sit
342 2336 379 2398 in
397 2352 437 2398 se
455 2335 655 2416 politicum.

152 2439 226 2503 iiim
273 2439 372 2504 Deus
388 2441 567 2522 singulari
596 2447 633 2503 et
664 2435 1195 2520 sapientissimaProvidentia

79 2539 148 2608 huie
164 2547 347 2611 maximae
364 2547 645 2612 convenientiae
660 2553 769 2628 atque
783 2560 977 2627 supremae
994 2541 1194 2607 necessita·

80 2649 101 2710 ti
114 2669 174 2732 per
191 2653 441 2736 Principatum
474 2654 642 2733 consulit,
668 2671 739 2734 quo
753 2651 905 2716 Romani
920 2651 1112 2714 Pontifices
1128 2665 1195 2730 per

80 2753 256 2824 duodecim
275 2761 356 2842 plus
389 2759 505 2824 minus
534 2760 760 2823 continentia
788 2757 938 2822 saecula
971 2757 1077 2839 potiti
1095 2763 1192 2836 sunt3

80 2861 244 2940 ejusmodi
262 2867 474 2948 temporalis
507 2865 704 2930 dominatio
730 2881 774 2928 ao
791 2865 901 2928 civile
920 2863 1112 2944 imperium
1129 2861 1194 2926 Pe·

81 2969 407 3038 triSuccessoribus
439 2973 626 3038 constituit
659 2971 848 3036 Ecclesiae
882 2971 1141 3052 patrimonium
1160 2975 1196 3032 et

81 3080 317 3144 monarchiam
345 3079 641 3159 haereditariam,
676 3097 770 3160 quae
803 3077 948 3161 quidem
980 3073 1192 3140 monarchia

81 3183 209 3252 ratione
226 3188 400 3268 temporis
414 3203 640 3269 quocumque
655 3185 727 3248 alio
741 3203 854 3267 regno
873 3185 1029 3248 nobilior
1044 3189 1111 3259 est;
1129 3196 1197 3244 neo

82 3285 151 3354 huic
167 3291 415 3357 haereditario
440 3291 660 3374 patrimonio
695 3291 882 3373 quippiam
916 3287 1058 3353 detrahi
1076 3291 1199 3368 potest

82 3393 206 3480 absque
222 3399 405 3480 sacrilego
423 3399 574 3462 crimine
592 3403 628 3461 et
642 3407 772 3479 aperta
785 3395 950 3478 justitiae
968 3394 1141 3458 laesione.

155 3505 230 3569 4.ml
275 3504 441 3570 Potestas
459 3505 578 3570 civilis
595 3521 639 3567 ao
663 3503 876 3586 temporalis
905 3500 942 3565 S.
962 3499 1065 3564 Sedis
1091 3514 1196 3562 exer·

84 3607 155 3674 citio
181 3611 414 3676 auctoritatis
443 3610 638 3691 religiosae
670 3617 708 3674 et
734 3608 937 3692 spiritualis
971 3606 1199 3672 Summarum

82 3711 282 3784 Pontificum
300 3719 447 3783 minime
466 3718 598 3800 obstat,
627 3716 692 3781 sed
719 3718 839 3799 potius
870 3733 951 3780 eam
969 3729 1199 3794 summopere

81 3819 174 3897 juvat
191 3845 236 3891 ao
253 3828 369 3906 fovet3
388 3826 543 3907 ideoque
563 3830 616 3888 tot
631 3823 811 3888 clamores
825 3827 862 3886 et
879 3839 999 3886 vanae
1016 3819 1198 3884 declama·

86 3927 188 3996 tiones
205 3940 337 3997 contra
352 3931 609 3996 dominationis
639 3927 852 3993 Pontifloiae
865 3929 994 4009 Jugum
1012 3931 1049 3990 et
1065 3923 1199 3987 malam

84 4037 296 4118 reipublicae
313 4037 667 4104 administrationem
683 4035 773 4100 nihil
790 4033 889 4099 aliud
902 4040 988 4098 sunt
1005 4029 1076 4094 nisi
1088 4029 1200 4094 dicte·

86 4141 131 4204 ria
153 4145 328 4228 injuriosa
341 4151 377 4210 et
390 4143 551 4227 perfidae
569 4141 773 4207 calumniae
787 4140 972 4204 hominum
984 4153 1198 4219 pravorum,

88 4251 138 4327 qui
152 4251 434 4320 Ecclesiasticae
449 4249 596 4316 ditionis
621 4247 895 4330 usurpationem
911 4245 1050 4310 frustra
1067 4241 1203 4324 justiti·
