3058 4994
759 391 934 448 488-

298 535 375 600 sine
397 537 555 619 partium
577 534 694 599 studio
720 535 901 599 sententia
924 535 1075 598 seratur:
1095 533 1177 598 hinc
1195 534 1416 614 maximope-

297 659 337 706 re
355 647 459 724 urget
475 642 651 706 institutio
668 641 875 706 Tribunalis
904 639 1201 704 Intornationalis
1233 646 1418 722 potestate

297 749 645 831 suprema'instructi
659 748 705 812 ad
719 747 991 830 cognoscendas
1006 747 1254 828 finiendasque
1268 752 1402 810 conten

297 857 413 921 tiones
426 855 602 938 juridicus
620 873 731 938 penes
747 859 875 937 gentes
902 854 1049 918 obortas
1079 855 1271 919 occasione
1288 859 1416 936 captu-

297 977 360 1026 rae
385 960 639 1045 praedatitiae.

386 1067 559 1133 Tribunal
576 1068 793 1152 praedarum
811 1069 847 1133 in
864 1069 1111 1134 tramitatione
1129 1085 1262 1132 censae
1280 1065 1418 1132 metho-

298 1174 380 1238 dum
394 1175 638 1257 processalem
655 1191 805 1240 servare
823 1179 977 1256 tenetur,
992 1175 1029 1238 in
1043 1191 1126 1257 qua,
1146 1175 1238 1238 sicut
1252 1175 1288 1237 in
1301 1173 1418 1256 quoli-

296 1281 446 1347 batallo
483 1297 666 1364 processu,
686 1288 760 1346 tres
789 1281 929 1364 periodi
957 1295 1056 1346 recte
1084 1281 1254 1364 distingui
1274 1281 1415 1361 valent,
1525 1259 1526 1278 ¹

297 1405 439 1471 nempe,
471 1387 640 1471 periodus
681 1390 937 1474 alleyatiouum,
968 1389 1138 1471 periodus
1169 1390 1418 1474 probationum

298 1499 406 1577 atque
424 1494 594 1578 periodus
611 1498 807 1578 sententiae,
822 1513 894 1578 qua
907 1495 1062 1578 prolata,
1079 1497 1108 1560 si
1126 1495 1340 1560 favorabilis
1356 1496 1418 1576 sit,
1526 1573 1527 1586 χ

300 1601 393 1666 bona
410 1620 475 1668 seu
490 1603 653 1686 legitima
668 1593 877 1668 declaratur
891 1603 1041 1686 praeda,
1056 1609 1092 1667 et
1106 1605 1142 1667 in
1155 1601 1420 1685 proprietatem
1526 1599 1527 1656 l

297 1709 419 1776 Status
436 1711 619 1793 captantis
636 1710 796 1776 devenit:
816 1711 871 1776 sin
900 1729 989 1776 vero
1018 1711 1176 1776 adversa
1192 1711 1313 1792 fuerit,
1332 1727 1420 1791 cap·

298 1821 380 1882 tura
397 1818 586 1899 illegitima
599 1820 871 1900 pronunciatur,
888 1823 998 1902 atque
1012 1817 1197 1900 navigium
1215 1815 1420 1899 apprehen·

299 1923 387 1988 dens
406 1925 626 1989 restitutioni
646 1925 817 2008 praedae,
837 1925 1049 1992 damnorum
1077 1924 1367 2008 compensationi
1386 1927 1422 1986 et

297 2031 470 2115 impensis
489 2049 680 2114 processus
698 2032 903 2098 damnatur.

387 2137 513 2218 Quoad
533 2133 674 2202 modain
694 2137 914 2221 procedendi
928 2139 965 2202 in
981 2137 1080 2202 hisce
1094 2137 1219 2219 litigiis
1237 2134 1420 2218 praedati·
1527 2217 1528 2220 Ἴ

299 2244 363 2308 ciis
382 2245 485 2309 adest
502 2243 679 2328 quaedam
698 2261 825 2309 norma
850 2244 1154 2325 internetionalis,
1185 2261 1290 2326 quam
1322 2259 1420 2307 anno
1527 2223 1528 2278 ἶ

300 2351 384 2416 1887
403 2351 554 2416 tradidit
569 2351 776 2416 Institutum
802 2350 1047 2417 (landavense
1060 2352 1125 2416 sub
1143 2351 1420 2435 titulo—Rapio·

298 2465 408 2524 meato
422 2459 675 2524 internecioual
699 2459 740 2524 de
761 2479 888 2543 prosus
906 2461 1157 2541 maritimar-‚
1178 2457 1235 2522 cui
1253 2461 1290 2520 ut
1308 2456 1420 2538 pluri·

299 2581 395 2628 mum
409 2565 646 2646 attemperari
660 2565 779 2630 solent
791 2563 913 2631 Status
928 2565 1096 2648 Europae
1106 2573 1215 2648 atque
1228 2565 1421 2629 Amerieae

286 2687 364 2753 pro
383 2671 604 2736 instruendis
622 2689 665 2736 ac
683 2671 940 2738 concludendis
957 2675 1027 2738 bac
1044 2674 1088 2738 de
1105 2691 1145 2738 re
1158 2671 1315 2754 judiciis.

389 2778 463 2843 154.
513 2777 701 2844 Coronidis
720 2782 842 2862 gratia
858 2782 903 2846 de
919 2783 1072 2846 termino
1088 2781 1175 2846 belli
1192 2779 1358 2845 nonnihil
1372 2779 1421 2844 di·

299 2901 435 2968 cemus,
455 2885 499 2950 de
516 2888 752 2952 conclusione
769 2905 899 2972 nempe
916 2889 1021 2971 hujus
1039 2890 1336 2970 violentissimae,
1358 2907 1420 2954 an-

299 2992 504 3074 tiJuridicae
523 2999 631 3077 atque
664 2996 887 3061 irrationalis
920 2998 1071 3080 formae,
1101 2996 1148 3060 ad
1176 3013 1283 3079 quam
1317 2997 1422 3060 velut

298 3119 505 3184 supremum
523 3119 709 3166 recursum
743 3104 944 3186 confugere
975 3105 1093 3171 solent
1110 3103 1231 3169 Status
1249 3121 1314 3187 pro
1345 3105 1421 3168 suis

298 3209 588 3274 contentionibus
602 3209 824 3274 dirimendis.

387 3315 582 3382 Enimvero
600 3333 750 3382 necesse
767 3317 910 3382 omnino
930 3321 985 3382 est
1003 3319 1109 3382 finem
1122 3318 1255 3383 habeat
1271 3317 1418 3399 bellum,

299 3429 337 3487 ut
353 3429 469 3487 status
483 3425 565 3505 jure
583 3429 618 3488 et
633 3425 730 3488 facto
749 3424 840 3488 adeo
859 3426 1050 3490 anomalus
1066 3431 1173 3508 atque
1187 3425 1416 3506 exceptione·

298 3529 342 3594 lis
374 3535 504 3612 cesset3
541 3535 579 3594 ut
610 3531 825 3595 obcurratur
857 3533 1084 3614 gravissimis
1117 3531 1351 3597 incommodis
1385 3538 1420 3596 et

298 3639 572 3721 quamplurimis
591 3637 743 3720 damnis,
762 3625 856 3722 quae
870 3640 1036 3722 personis
1066 3657 1109 3704 ac
1141 3639 1262 3721 rebus,
1281 3640 1418 3704 nationi

299 3749 335 3810 et
349 3745 488 3810 civibus
502 3747 669 3829 privatis
685 3747 985 3829 belligerantibus
1001 3753 1037 3812 et
1047 3749 1270 3813 neutralibus
1284 3749 1417 3830 passim

298 3853 514 3934 inierunti1r3
535 3858 573 3918 nt
591 3854 816 3935 perturbatio
845 3859 881 3920 et
909 3855 1055 3938 negatio
1070 3857 1163 3936 juris
1181 3873 1201 3920 e
1219 3855 1335 3920 medio
1353 3856 1417 3920 tol·

298 3962 406 4044 latur3
426 3969 464 4026 nt
481 3979 554 4044 pax
582 3963 676 4026 inter
704 3967 843 4045 gentes,
864 3981 957 4046 quae
990 3982 1036 4029 ex
1064 3966 1145 4046 ipsa
1176 3971 1308 4028 natura
1337 3979 1416 4028 esse

299 4069 549 4151 debatregula
566 4071 748 4151 generalis
780 4073 816 4133 et
846 4071 1003 4136 conditio
1039 4071 1185 4136 socialis
1219 4071 1413 4152 hominum,

297 4175 427 4240 iterum
445 4181 670 4258 renascatur;
686 4178 889 4242 summatim
905 4183 942 4243 ut
966 4183 1111 4244 mutuae
1128 4178 1293 4243 Statuum
1324 4178 1414 4242 rela-

299 4283 414 4348 tiones
428 4283 544 4349 denuo
559 4285 844 4350 restabiliantnr.
