3058 4994
783 393 963 452 -462-

311 537 499 602 Vicarium
517 535 651 602 Christi
665 538 724 621 qui
736 557 859 622 pacem
875 537 980 602 veuit
993 537 1079 602 dare
1093 554 1138 602 ac
1150 537 1386 621 derelinquere
1398 537 1436 600 in

311 643 431 723 terrie,
447 647 495 722 et,
511 641 608 725 quod
621 659 848 726 consequens
865 649 958 721 erat,
977 659 1023 705 ex
1041 643 1111 706 hac
1128 642 1324 707 decantata
1356 641 1435 708 Ool·
1516 709 1517 712 ,

311 749 451 814 latione
483 751 582 834 pacis
599 766 665 830 per
696 747 905 813 antithesim
935 749 1125 832 appellata
1142 749 1287 814 minime
1316 751 1435 832 proie-

312 863 408 920 ctam
427 873 508 919 csse
526 855 736 919 firmitatem
764 855 867 937 pacis
884 871 1079 936 europeae,
1099 854 1362 937 depositionem
1378 872 1436 918 er·

311 981 452 1027 morum
464 969 501 1026 et
519 961 751 1026 concordiam
769 962 942 1042 gentium,
962 962 1026 1026 sed
1052 963 1174 1044 potius
1194 961 1434 1042 organisatio·

312 1086 394 1132 nem
425 1068 524 1146 belli,
559 1073 779 1150 apparatum
808 1085 1003 1148 armorum,
1040 1067 1267 1150 suspiciones
1300 1069 1436 1150 Regum

312 1181 421 1257 atque
435 1183 594 1240 mutuam
611 1175 797 1240 nationum
815 1174 1067 1240 diffidentiam.

401 1280 475 1344 dm
515 1281 653 1346 Bellum
668 1283 817 1362 justum,
836 1283 995 1362 genuina
1012 1289 1048 1346 et
1061 1282 1212 1364 propria
1228 1282 1308 1363 ejus
1323 1282 1434 1348 notio-

312 1405 358 1450 ne
375 1395 553 1468 spectata,
579 1405 722 1470 semper
736 1387 964 1452 defensivum
984 1395 1051 1468 est,
1083 1389 1119 1452 in
1149 1389 1218 1452 hoc
1246 1389 1370 1469 situm,
1399 1395 1435 1452 ut

308 1493 382 1574 jus,
398 1493 495 1576 quod
514 1493 669 1558 habetur
682 1495 742 1558 vel
761 1494 952 1576 repetitur,
967 1493 1303 1560 defendaturarma
1328 1495 1435 1558 armis
1518 1485 1519 1522 ³

313 1600 575 1682 propulsand03
595 1599 890 1682 quandoquidem
919 1601 1101 1682 nationes,
1128 1617 1208 1665 cum
1237 1601 1435 1666 necessitas

313 1708 481 1788 imperat,
501 1707 547 1770 ad
563 1705 698 1770 tuenda
711 1707 809 1786 jura,
836 1706 965 1788 quibus
998 1706 1213 1772 ordinantur
1231 1725 1275 1772 ac
1308 1707 1434 1772 consti·

313 1818 474 1894 ittuntur,
495 1813 674 1876 facultate
691 1811 831 1892 pollcnt
844 1811 1039 1876 adhibendi
1054 1813 1127 1876 vim
1141 1821 1179 1876 et
1191 1829 1296 1876 erma
1309 1811 1433 1876 adrer-

312 1937 375 1982 sus
392 1919 558 1984 nefarios
585 1925 736 1982 conatus
770 1919 923 1982 aliarum
957 1921 1130 2000 gentium,
1164 1937 1259 2002 quac
1289 1919 1433 2001 propria
1519 1975 1520 1980 ,

313 2043 438 2088 earum
451 2027 535 2106 jura
554 2025 700 2089 laedere
718 2033 778 2088 aut
793 2025 928 2106 injusta
943 2027 980 2088 vi
1000 2026 1185 2090 lacessere
1203 2027 1381 2090 nituntur.

403 2134 476 2197 inum
523 2131 689 2197 civilitas
715 2133 814 2210 belli,
836 2135 864 2196 si
884 2133 1028 2214 quando
1046 2133 1115 2198 hoc
1141 2133 1240 2198 nullo
1259 2141 1369 2215 pacto
1385 2133 1432 2196 vi·

313 2242 385 2304 teri
409 2241 546 2323 nequit,
562 2241 635 2319 juri
654 2246 822 2321 naturae,
846 2241 1061 2323 populorum
1086 2242 1251 2306 culturae
1268 2248 1307 2306 et
1324 2241 1432 2324 publi·

313 2365 356 2412 co
374 2347 560 2412 nationum
574 2348 667 2412 bono
686 2356 932 2412 consentanea
952 2355 1019 2428 est3
1035 2348 1190 2431 ideoque
1207 2365 1432 2431 summopere
1520 2367 1521 2384 ³

315 2455 482 2536 exoptari
500 2459 536 2518 et
554 2455 768 2518 comendari
786 2455 903 2519 debet.

406 2563 480 2626 131.
529 2561 711 2644 Egregius
726 2561 1007 2643 jurisconsultus
1036 2559 1183 2626 Grotius
1199 2560 1338 2624 bellum
1354 2557 1431 2622 defl-

314 2670 378 2732 uit:
405 2669 523 2734 Sialns
544 2669 698 2752 pervim
730 2669 945 2748 certantium,
965 2688 1033 2750 qna
1051 2668 1137 2732 tales
1165 2673 1245 2732 euni
1273 2665 1335 2748 (1);
1354 2665 1430 2729 huic

316 2773 519 2838 definitioni
544 2773 690 2838 minime
716 2773 993 2855 adstipulamur,
1014 2774 1099 2854 quia
1126 2779 1344 2853 conceptum
1366 2771 1431 2834 for·
1521 2807 1522 2814 κ

316 2881 449 2945 malem
468 2881 556 2944 belli
573 2899 644 2945 non
664 2882 846 2963 exprimit,
865 2880 929 2944 sed
946 2885 1086 2944 tantum
1103 2879 1343 2962 materialem,
1357 2894 1431 2943 cum

316 2988 362 3050 ab
380 2987 458 3066 ejus
480 2988 627 3068 justitia
644 2989 707 3053 vel
723 2987 900 3068 injustitia
918 2987 1153 3070 praescindit,
1174 2995 1285 3068 atque
1303 2981 1430 3051 idcirco

316 3094 507 3158 certamini
523 3095 671 3176 privato
690 3099 727 3158 et
743 3095 900 3174 inJ'ustac
917 3093 1145 3176 aggressioni
1162 3110 1279 3175 aeque
1298 3109 1430 3157 aecem·

317 3201 457 3264 modari
488 3205 620 3283 potcst;
644 3203 720 3282 jam
752 3217 853 3280 vero,
884 3199 1033 3282 bellum,
1062 3201 1092 3263 si
1124 3199 1222 3264 Juris
1253 3198 1430 3264 Naturalis

317 3309 505 3390 principiis
533 3309 702 3372 standum
732 3308 790 3387 sit,
810 3307 918 3370 debet
945 3323 1037 3390 esse,
1053 3308 1160 3389 Juxta
1190 3307 1429 3388 Taparellium

316 3415 378 3495 (2),
398 3415 532 3479 ordinis
551 3415 701 3478 violenta
719 3413 883 3498 desen-sio.

405 3521 515 3584 Nobis
532 3522 647 3602 magis
664 3521 802 3584 arridet
827 3523 926 3587 notio
944 3521 1031 3586 belli
1050 3541 1072 3586 e
1101 3521 1295 3604 praeclaro
1322 3518 1361 3583 P.
1379 3517 1429 3582 Li-

315 3630 485 3694 beratore
504 3629 652 3709 tradita,
672 3629 734 3710 qui
761 3629 849 3693 illud
874 3630 926 3692 ita
955 3629 1091 3694 definit:
1112 3629 1231 3696 Sicine
1248 3629 1427 3702 nationum,

314 3737 432 3801 luendi
449 3737 547 3822 juria
570 3737 696 3819 pratia,
710 3756 776 3818 per
794 3737 862 3800 uim
887 3737 1169 3801 concertantium.
1187 3734 1230 3799 In
1255 3734 1324 3799 hnc
1352 3731 1427 3796 deii·

315 3843 452 3906 nitione
484 3842 715 3924 reperiuntur
747 3843 868 3906 omnia
897 3842 1090 3925 requisita,
1117 3857 1211 3924 quae
1241 3841 1279 3904 in
1304 3839 1429 3904 bellum

313 3965 533 4012 concurrere
550 3947 695 4029 debent,
716 3953 754 4011 ut
768 3946 789 4012 J
793 3947 865 4012 uris
878 3947 1064 4013 Naturalis
1088 3945 1426 4030 praescriptionibus
1520 3957 1522 4010 t

317 4105 373 4112 μ.-.
382 4107 475 4113 —--
485 4105 502 4112 ..-

388 4221 426 4288 (1)
463 4219 507 4272 De
515 4220 580 4287 jure
594 4219 656 4274 belli
668 4223 696 4273 ei
704 4221 790 4287 pacis,
805 4221 853 4274 lib.
867 4223 888 4288 I,
902 4238 962 4288 esp.
980 4226 1003 4288 l,
1017 4239 1097 4276 num.
1111 4227 1135 4276 2.

388 4293 428 4361 (2)
468 4292 569 4361 suppio
582 4290 707 4346 ieoreiico
719 4291 748 4345 di
759 4291 874 4347 natural
887 4292 990 4360 diriiio,
1005 4295 1080 4349 Dies.
1097 4293 1144 4362 v1,
1158 4309 1186 4348 c.
1199 4297 1225 4361 l,
1238 4308 1262 4346 a.
1276 4291 1298 4345 1.
